%YAML 1.1
%TAG !u! tag:unity3d.com,2011:
--- !u!1 &1459596519459082839
GameObject:
  m_ObjectHideFlags: 0
  m_CorrespondingSourceObject: {fileID: 0}
  m_PrefabInstance: {fileID: 0}
  m_PrefabAsset: {fileID: 0}
  serializedVersion: 6
  m_Component:
  - component: {fileID: 848541718802588897}
  - component: {fileID: 5833503648512711679}
  m_Layer: 0
  m_Name: floor
  m_TagString: Platform
  m_Icon: {fileID: 0}
  m_NavMeshLayer: 0
  m_StaticEditorFlags: 0
  m_IsActive: 1
--- !u!4 &848541718802588897
Transform:
  m_ObjectHideFlags: 0
  m_CorrespondingSourceObject: {fileID: 0}
  m_PrefabInstance: {fileID: 0}
  m_PrefabAsset: {fileID: 0}
  m_GameObject: {fileID: 1459596519459082839}
  m_LocalRotation: {x: 0, y: 0, z: 0, w: 1}
  m_LocalPosition: {x: 0, y: -0.5, z: -20}
  m_LocalScale: {x: 1.3, y: 1, z: 6}
  m_Children: []
  m_Father: {fileID: 9041927310439541720}
  m_RootOrder: 2
  m_LocalEulerAnglesHint: {x: 0, y: 0, z: 0}
--- !u!65 &5833503648512711679
BoxCollider:
  m_ObjectHideFlags: 0
  m_CorrespondingSourceObject: {fileID: 0}
  m_PrefabInstance: {fileID: 0}
  m_PrefabAsset: {fileID: 0}
  m_GameObject: {fileID: 1459596519459082839}
  m_Material: {fileID: 0}
  m_IsTrigger: 0
  m_Enabled: 1
  serializedVersion: 2
  m_Size: {x: 9, y: 3.3251877, z: 10}
  m_Center: {x: 0, y: -1.1625938, z: 0}
--- !u!1 &2411758377613474466
GameObject:
  m_ObjectHideFlags: 0
  m_CorrespondingSourceObject: {fileID: 0}
  m_PrefabInstance: {fileID: 0}
  m_PrefabAsset: {fileID: 0}
  serializedVersion: 6
  m_Component:
  - component: {fileID: 6422660770386782449}
  - component: {fileID: 41663807294059117}
  - component: {fileID: 7185200520262182223}
  m_Layer: 0
  m_Name: train_enter
  m_TagString: Untagged
  m_Icon: {fileID: 0}
  m_NavMeshLayer: 0
  m_StaticEditorFlags: 0
  m_IsActive: 1
--- !u!4 &6422660770386782449
Transform:
  m_ObjectHideFlags: 0
  m_CorrespondingSourceObject: {fileID: 0}
  m_PrefabInstance: {fileID: 0}
  m_PrefabAsset: {fileID: 0}
  m_GameObject: {fileID: 2411758377613474466}
  m_LocalRotation: {x: -0, y: -0, z: -0, w: 1}
  m_LocalPosition: {x: 0, y: 4, z: -20}
  m_LocalScale: {x: 1, y: 1, z: 1}
  m_Children: []
  m_Father: {fileID: 9041927310885189454}
  m_RootOrder: 7
  m_LocalEulerAnglesHint: {x: 0, y: 0, z: 0}
--- !u!65 &41663807294059117
BoxCollider:
  m_ObjectHideFlags: 0
  m_CorrespondingSourceObject: {fileID: 0}
  m_PrefabInstance: {fileID: 0}
  m_PrefabAsset: {fileID: 0}
  m_GameObject: {fileID: 2411758377613474466}
  m_Material: {fileID: 0}
  m_IsTrigger: 1
  m_Enabled: 1
  serializedVersion: 2
  m_Size: {x: 4, y: 1, z: 60}
  m_Center: {x: 0, y: 0, z: 0}
--- !u!114 &7185200520262182223
MonoBehaviour:
  m_ObjectHideFlags: 0
  m_CorrespondingSourceObject: {fileID: 0}
  m_PrefabInstance: {fileID: 0}
  m_PrefabAsset: {fileID: 0}
  m_GameObject: {fileID: 2411758377613474466}
  m_Enabled: 1
  m_EditorHideFlags: 0
  m_Script: {fileID: 11500000, guid: ec781bdb337cc8f40886582afbf03cc5, type: 3}
  m_Name: 
  m_EditorClassIdentifier: 
--- !u!1 &5665659912418940747
GameObject:
  m_ObjectHideFlags: 0
  m_CorrespondingSourceObject: {fileID: 0}
  m_PrefabInstance: {fileID: 0}
  m_PrefabAsset: {fileID: 0}
  serializedVersion: 6
  m_Component:
  - component: {fileID: 6904174510550631614}
  m_Layer: 0
  m_Name: door_static_2
  m_TagString: Untagged
  m_Icon: {fileID: 0}
  m_NavMeshLayer: 0
  m_StaticEditorFlags: 0
  m_IsActive: 1
--- !u!4 &6904174510550631614
Transform:
  m_ObjectHideFlags: 0
  m_CorrespondingSourceObject: {fileID: 0}
  m_PrefabInstance: {fileID: 0}
  m_PrefabAsset: {fileID: 0}
  m_GameObject: {fileID: 5665659912418940747}
  m_LocalRotation: {x: -0, y: -0, z: -0, w: 1}
  m_LocalPosition: {x: 0, y: 0, z: -50.25}
  m_LocalScale: {x: 1, y: 1, z: 1}
  m_Children:
  - {fileID: 5596888830179673295}
  m_Father: {fileID: 9041927310885189454}
  m_RootOrder: 4
  m_LocalEulerAnglesHint: {x: 0, y: 0, z: 0}
--- !u!1 &7439932870894176172
GameObject:
  m_ObjectHideFlags: 0
  m_CorrespondingSourceObject: {fileID: 0}
  m_PrefabInstance: {fileID: 0}
  m_PrefabAsset: {fileID: 0}
  serializedVersion: 6
  m_Component:
  - component: {fileID: 1452293022384380186}
  m_Layer: 0
  m_Name: seats
  m_TagString: Untagged
  m_Icon: {fileID: 0}
  m_NavMeshLayer: 0
  m_StaticEditorFlags: 0
  m_IsActive: 1
--- !u!4 &1452293022384380186
Transform:
  m_ObjectHideFlags: 0
  m_CorrespondingSourceObject: {fileID: 0}
  m_PrefabInstance: {fileID: 0}
  m_PrefabAsset: {fileID: 0}
  m_GameObject: {fileID: 7439932870894176172}
  m_LocalRotation: {x: -0, y: -0, z: -0, w: 1}
  m_LocalPosition: {x: -4.056057, y: 0.7818341, z: -31.148746}
  m_LocalScale: {x: 1, y: 1, z: 1}
  m_Children:
  - {fileID: 5104011186849111097}
  - {fileID: 8982123777119818835}
  - {fileID: 9167376938551602012}
  - {fileID: 8842451319344960972}
  - {fileID: 5467423567414766358}
  - {fileID: 1160550058237573843}
  - {fileID: 7845672790926894378}
  - {fileID: 4716496107749803576}
  - {fileID: 8228894201813203260}
  - {fileID: 7603440563577109294}
  - {fileID: 1733760023848840994}
  - {fileID: 2264896511247097952}
  m_Father: {fileID: 9041927310885189454}
  m_RootOrder: 6
  m_LocalEulerAnglesHint: {x: 0, y: 0, z: 0}
--- !u!1 &9041927310337756507
GameObject:
  m_ObjectHideFlags: 0
  m_CorrespondingSourceObject: {fileID: 0}
  m_PrefabInstance: {fileID: 0}
  m_PrefabAsset: {fileID: 0}
  serializedVersion: 6
  m_Component:
  - component: {fileID: 9041927310337756506}
  - component: {fileID: 9041927310337756485}
  m_Layer: 0
  m_Name: wall_1
  m_TagString: Untagged
  m_Icon: {fileID: 0}
  m_NavMeshLayer: 0
  m_StaticEditorFlags: 0
  m_IsActive: 1
--- !u!4 &9041927310337756506
Transform:
  m_ObjectHideFlags: 0
  m_CorrespondingSourceObject: {fileID: 0}
  m_PrefabInstance: {fileID: 0}
  m_PrefabAsset: {fileID: 0}
  m_GameObject: {fileID: 9041927310337756507}
  m_LocalRotation: {x: -0, y: -0, z: -0, w: 1}
  m_LocalPosition: {x: 0, y: 0.71, z: 9.84}
  m_LocalScale: {x: 1, y: 1, z: 1}
  m_Children: []
  m_Father: {fileID: 9041927310439541720}
  m_RootOrder: 0
  m_LocalEulerAnglesHint: {x: 0, y: 0, z: 0}
--- !u!65 &9041927310337756485
BoxCollider:
  m_ObjectHideFlags: 0
  m_CorrespondingSourceObject: {fileID: 0}
  m_PrefabInstance: {fileID: 0}
  m_PrefabAsset: {fileID: 0}
  m_GameObject: {fileID: 9041927310337756507}
  m_Material: {fileID: 0}
  m_IsTrigger: 0
  m_Enabled: 1
  serializedVersion: 2
  m_Size: {x: 11.8, y: 9.255642, z: 1}
  m_Center: {x: 0, y: 4.127821, z: 0}
--- !u!1 &9041927310439541721
GameObject:
  m_ObjectHideFlags: 0
  m_CorrespondingSourceObject: {fileID: 0}
  m_PrefabInstance: {fileID: 0}
  m_PrefabAsset: {fileID: 0}
  serializedVersion: 6
  m_Component:
  - component: {fileID: 9041927310439541720}
  m_Layer: 0
  m_Name: colliders
  m_TagString: Untagged
  m_Icon: {fileID: 0}
  m_NavMeshLayer: 0
  m_StaticEditorFlags: 0
  m_IsActive: 1
--- !u!4 &9041927310439541720
Transform:
  m_ObjectHideFlags: 0
  m_CorrespondingSourceObject: {fileID: 0}
  m_PrefabInstance: {fileID: 0}
  m_PrefabAsset: {fileID: 0}
  m_GameObject: {fileID: 9041927310439541721}
  m_LocalRotation: {x: 0, y: 0, z: 0, w: 1}
  m_LocalPosition: {x: 0, y: 0, z: 0}
  m_LocalScale: {x: 1, y: 1, z: 1}
  m_Children:
  - {fileID: 9041927310337756506}
  - {fileID: 9041927311965921555}
  - {fileID: 848541718802588897}
  m_Father: {fileID: 9041927310885189454}
  m_RootOrder: 5
  m_LocalEulerAnglesHint: {x: 0, y: 0, z: 0}
--- !u!1 &9041927310885189455
GameObject:
  m_ObjectHideFlags: 0
  m_CorrespondingSourceObject: {fileID: 0}
  m_PrefabInstance: {fileID: 0}
  m_PrefabAsset: {fileID: 0}
  serializedVersion: 6
  m_Component:
  - component: {fileID: 9041927310885189454}
  m_Layer: 0
  m_Name: car
  m_TagString: Untagged
  m_Icon: {fileID: 0}
  m_NavMeshLayer: 0
  m_StaticEditorFlags: 0
  m_IsActive: 1
--- !u!4 &9041927310885189454
Transform:
  m_ObjectHideFlags: 0
  m_CorrespondingSourceObject: {fileID: 0}
  m_PrefabInstance: {fileID: 0}
  m_PrefabAsset: {fileID: 0}
  m_GameObject: {fileID: 9041927310885189455}
  m_LocalRotation: {x: -0, y: -0, z: -0, w: 1}
  m_LocalPosition: {x: 0, y: 0, z: 0}
  m_LocalScale: {x: 1, y: 1, z: 1}
  m_Children:
  - {fileID: 8859101114209690635}
  - {fileID: 9041927311331776705}
  - {fileID: 9041927311049705303}
  - {fileID: 9041927311768064734}
  - {fileID: 6904174510550631614}
  - {fileID: 9041927310439541720}
  - {fileID: 1452293022384380186}
  - {fileID: 6422660770386782449}
  - {fileID: 1175129594181962718}
  - {fileID: 6118609957880392109}
  m_Father: {fileID: 0}
  m_RootOrder: 0
  m_LocalEulerAnglesHint: {x: 0, y: 0, z: 0}
--- !u!1 &9041927311049705300
GameObject:
  m_ObjectHideFlags: 0
  m_CorrespondingSourceObject: {fileID: 0}
  m_PrefabInstance: {fileID: 0}
  m_PrefabAsset: {fileID: 0}
  serializedVersion: 6
  m_Component:
  - component: {fileID: 9041927311049705303}
  m_Layer: 0
  m_Name: doors
  m_TagString: Untagged
  m_Icon: {fileID: 0}
  m_NavMeshLayer: 0
  m_StaticEditorFlags: 0
  m_IsActive: 1
--- !u!4 &9041927311049705303
Transform:
  m_ObjectHideFlags: 0
  m_CorrespondingSourceObject: {fileID: 0}
  m_PrefabInstance: {fileID: 0}
  m_PrefabAsset: {fileID: 0}
  m_GameObject: {fileID: 9041927311049705300}
  m_LocalRotation: {x: 0, y: 0, z: 0, w: 1}
  m_LocalPosition: {x: 0, y: 0, z: 0}
  m_LocalScale: {x: 1, y: 1, z: 1}
  m_Children:
  - {fileID: 7519490643478491077}
  - {fileID: 752858471627648255}
  - {fileID: 752858472551245009}
  - {fileID: 752858473575245502}
  - {fileID: 752858472920307415}
  - {fileID: 752858472302209857}
  m_Father: {fileID: 9041927310885189454}
  m_RootOrder: 2
  m_LocalEulerAnglesHint: {x: 0, y: 0, z: 0}
--- !u!1 &9041927311331776710
GameObject:
  m_ObjectHideFlags: 0
  m_CorrespondingSourceObject: {fileID: 0}
  m_PrefabInstance: {fileID: 0}
  m_PrefabAsset: {fileID: 0}
  serializedVersion: 6
  m_Component:
  - component: {fileID: 9041927311331776705}
  m_Layer: 0
  m_Name: lights
  m_TagString: Untagged
  m_Icon: {fileID: 0}
  m_NavMeshLayer: 0
  m_StaticEditorFlags: 0
  m_IsActive: 1
--- !u!4 &9041927311331776705
Transform:
  m_ObjectHideFlags: 0
  m_CorrespondingSourceObject: {fileID: 0}
  m_PrefabInstance: {fileID: 0}
  m_PrefabAsset: {fileID: 0}
  m_GameObject: {fileID: 9041927311331776710}
  m_LocalRotation: {x: 0, y: 0, z: 0, w: 1}
  m_LocalPosition: {x: 0, y: 0, z: 0}
  m_LocalScale: {x: 1, y: 1, z: 1}
  m_Children:
  - {fileID: 512705724405147962}
  - {fileID: 2771566538965870887}
  - {fileID: 2771566539600836008}
  m_Father: {fileID: 9041927310885189454}
  m_RootOrder: 1
  m_LocalEulerAnglesHint: {x: 0, y: 0, z: 0}
--- !u!1 &9041927311768064735
GameObject:
  m_ObjectHideFlags: 0
  m_CorrespondingSourceObject: {fileID: 0}
  m_PrefabInstance: {fileID: 0}
  m_PrefabAsset: {fileID: 0}
  serializedVersion: 6
  m_Component:
  - component: {fileID: 9041927311768064734}
  m_Layer: 0
  m_Name: door_static_1
  m_TagString: Untagged
  m_Icon: {fileID: 0}
  m_NavMeshLayer: 0
  m_StaticEditorFlags: 0
  m_IsActive: 1
--- !u!4 &9041927311768064734
Transform:
  m_ObjectHideFlags: 0
  m_CorrespondingSourceObject: {fileID: 0}
  m_PrefabInstance: {fileID: 0}
  m_PrefabAsset: {fileID: 0}
  m_GameObject: {fileID: 9041927311768064735}
  m_LocalRotation: {x: -0, y: -0, z: -0, w: 1}
  m_LocalPosition: {x: 0, y: 0, z: 10}
  m_LocalScale: {x: 1, y: 1, z: 1}
  m_Children:
  - {fileID: 8859101115599892123}
  m_Father: {fileID: 9041927310885189454}
  m_RootOrder: 3
  m_LocalEulerAnglesHint: {x: 0, y: 0, z: 0}
--- !u!1 &9041927311965921552
GameObject:
  m_ObjectHideFlags: 0
  m_CorrespondingSourceObject: {fileID: 0}
  m_PrefabInstance: {fileID: 0}
  m_PrefabAsset: {fileID: 0}
  serializedVersion: 6
  m_Component:
  - component: {fileID: 9041927311965921555}
  - component: {fileID: 9041927311965921554}
  m_Layer: 0
  m_Name: wall_2
  m_TagString: Untagged
  m_Icon: {fileID: 0}
  m_NavMeshLayer: 0
  m_StaticEditorFlags: 0
  m_IsActive: 1
--- !u!4 &9041927311965921555
Transform:
  m_ObjectHideFlags: 0
  m_CorrespondingSourceObject: {fileID: 0}
  m_PrefabInstance: {fileID: 0}
  m_PrefabAsset: {fileID: 0}
  m_GameObject: {fileID: 9041927311965921552}
  m_LocalRotation: {x: -0, y: -0, z: -0, w: 1}
  m_LocalPosition: {x: 0, y: 0.71, z: -49.97}
  m_LocalScale: {x: 1, y: 1, z: 1}
  m_Children: []
  m_Father: {fileID: 9041927310439541720}
  m_RootOrder: 1
  m_LocalEulerAnglesHint: {x: 0, y: 0, z: 0}
--- !u!65 &9041927311965921554
BoxCollider:
  m_ObjectHideFlags: 0
  m_CorrespondingSourceObject: {fileID: 0}
  m_PrefabInstance: {fileID: 0}
  m_PrefabAsset: {fileID: 0}
  m_GameObject: {fileID: 9041927311965921552}
  m_Material: {fileID: 0}
  m_IsTrigger: 0
  m_Enabled: 1
  serializedVersion: 2
  m_Size: {x: 12, y: 9.255642, z: 1}
  m_Center: {x: 0, y: 4.127821, z: 0}
--- !u!1001 &1028133231241993070
PrefabInstance:
  m_ObjectHideFlags: 0
  serializedVersion: 2
  m_Modification:
    m_TransformParent: {fileID: 9041927310885189454}
    m_Modifications:
    - target: {fileID: 2164630094683295920, guid: 6eaa084d6bc351a48907d0a3af173a22,
        type: 3}
      propertyPath: m_LocalPosition.x
      value: 3.73
      objectReference: {fileID: 0}
    - target: {fileID: 2164630094683295920, guid: 6eaa084d6bc351a48907d0a3af173a22,
        type: 3}
      propertyPath: m_LocalPosition.y
      value: 6.574381
      objectReference: {fileID: 0}
    - target: {fileID: 2164630094683295920, guid: 6eaa084d6bc351a48907d0a3af173a22,
        type: 3}
      propertyPath: m_LocalPosition.z
      value: -49.74
      objectReference: {fileID: 0}
    - target: {fileID: 2164630094683295920, guid: 6eaa084d6bc351a48907d0a3af173a22,
        type: 3}
      propertyPath: m_LocalRotation.x
      value: 0
      objectReference: {fileID: 0}
    - target: {fileID: 2164630094683295920, guid: 6eaa084d6bc351a48907d0a3af173a22,
        type: 3}
      propertyPath: m_LocalRotation.y
      value: 0.7071068
      objectReference: {fileID: 0}
    - target: {fileID: 2164630094683295920, guid: 6eaa084d6bc351a48907d0a3af173a22,
        type: 3}
      propertyPath: m_LocalRotation.z
      value: 0
      objectReference: {fileID: 0}
    - target: {fileID: 2164630094683295920, guid: 6eaa084d6bc351a48907d0a3af173a22,
        type: 3}
      propertyPath: m_LocalRotation.w
      value: 0.7071068
      objectReference: {fileID: 0}
    - target: {fileID: 2164630094683295920, guid: 6eaa084d6bc351a48907d0a3af173a22,
        type: 3}
      propertyPath: m_RootOrder
      value: 8
      objectReference: {fileID: 0}
    - target: {fileID: 2164630094683295920, guid: 6eaa084d6bc351a48907d0a3af173a22,
        type: 3}
      propertyPath: m_LocalEulerAnglesHint.x
      value: 0
      objectReference: {fileID: 0}
    - target: {fileID: 2164630094683295920, guid: 6eaa084d6bc351a48907d0a3af173a22,
        type: 3}
      propertyPath: m_LocalEulerAnglesHint.y
      value: 90
      objectReference: {fileID: 0}
    - target: {fileID: 2164630094683295920, guid: 6eaa084d6bc351a48907d0a3af173a22,
        type: 3}
      propertyPath: m_LocalEulerAnglesHint.z
      value: 0
      objectReference: {fileID: 0}
    - target: {fileID: 3756164893947448560, guid: 6eaa084d6bc351a48907d0a3af173a22,
        type: 3}
      propertyPath: m_Name
      value: emergency_brake
      objectReference: {fileID: 0}
    m_RemovedComponents: []
  m_SourcePrefab: {fileID: 100100000, guid: 6eaa084d6bc351a48907d0a3af173a22, type: 3}
--- !u!4 &1175129594181962718 stripped
Transform:
  m_CorrespondingSourceObject: {fileID: 2164630094683295920, guid: 6eaa084d6bc351a48907d0a3af173a22,
    type: 3}
  m_PrefabInstance: {fileID: 1028133231241993070}
  m_PrefabAsset: {fileID: 0}
--- !u!1001 &2257227928018238571
PrefabInstance:
  m_ObjectHideFlags: 0
  serializedVersion: 2
  m_Modification:
    m_TransformParent: {fileID: 9041927311049705303}
    m_Modifications:
    - target: {fileID: 2708823945364032093, guid: 832cd25b64f1fe140a6b6c5d32664d20,
        type: 3}
      propertyPath: m_Name
      value: 1
      objectReference: {fileID: 0}
    - target: {fileID: 8577615874762380206, guid: 832cd25b64f1fe140a6b6c5d32664d20,
        type: 3}
      propertyPath: m_LocalPosition.x
      value: 6.4
      objectReference: {fileID: 0}
    - target: {fileID: 8577615874762380206, guid: 832cd25b64f1fe140a6b6c5d32664d20,
        type: 3}
      propertyPath: m_LocalPosition.y
      value: 0
      objectReference: {fileID: 0}
    - target: {fileID: 8577615874762380206, guid: 832cd25b64f1fe140a6b6c5d32664d20,
        type: 3}
      propertyPath: m_LocalPosition.z
      value: 0
      objectReference: {fileID: 0}
    - target: {fileID: 8577615874762380206, guid: 832cd25b64f1fe140a6b6c5d32664d20,
        type: 3}
      propertyPath: m_LocalRotation.x
      value: -0
      objectReference: {fileID: 0}
    - target: {fileID: 8577615874762380206, guid: 832cd25b64f1fe140a6b6c5d32664d20,
        type: 3}
      propertyPath: m_LocalRotation.y
      value: -0
      objectReference: {fileID: 0}
    - target: {fileID: 8577615874762380206, guid: 832cd25b64f1fe140a6b6c5d32664d20,
        type: 3}
      propertyPath: m_LocalRotation.z
      value: -0
      objectReference: {fileID: 0}
    - target: {fileID: 8577615874762380206, guid: 832cd25b64f1fe140a6b6c5d32664d20,
        type: 3}
      propertyPath: m_LocalRotation.w
      value: 1
      objectReference: {fileID: 0}
    - target: {fileID: 8577615874762380206, guid: 832cd25b64f1fe140a6b6c5d32664d20,
        type: 3}
      propertyPath: m_RootOrder
      value: 0
      objectReference: {fileID: 0}
    - target: {fileID: 8577615874762380206, guid: 832cd25b64f1fe140a6b6c5d32664d20,
        type: 3}
      propertyPath: m_LocalEulerAnglesHint.x
      value: 0
      objectReference: {fileID: 0}
    - target: {fileID: 8577615874762380206, guid: 832cd25b64f1fe140a6b6c5d32664d20,
        type: 3}
      propertyPath: m_LocalEulerAnglesHint.y
      value: 0
      objectReference: {fileID: 0}
    - target: {fileID: 8577615874762380206, guid: 832cd25b64f1fe140a6b6c5d32664d20,
        type: 3}
      propertyPath: m_LocalEulerAnglesHint.z
      value: 0
      objectReference: {fileID: 0}
    m_RemovedComponents: []
  m_SourcePrefab: {fileID: 100100000, guid: 832cd25b64f1fe140a6b6c5d32664d20, type: 3}
--- !u!4 &7519490643478491077 stripped
Transform:
  m_CorrespondingSourceObject: {fileID: 8577615874762380206, guid: 832cd25b64f1fe140a6b6c5d32664d20,
    type: 3}
  m_PrefabInstance: {fileID: 2257227928018238571}
  m_PrefabAsset: {fileID: 0}
--- !u!1001 &2423929487255138903
PrefabInstance:
  m_ObjectHideFlags: 0
  serializedVersion: 2
  m_Modification:
    m_TransformParent: {fileID: 1452293022384380186}
    m_Modifications:
    - target: {fileID: 1890303388720504938, guid: c67b09f3ac07d3642b2377c4f45875f3,
        type: 3}
      propertyPath: m_Name
      value: seat (10)
      objectReference: {fileID: 0}
    - target: {fileID: 2408362120196930620, guid: c67b09f3ac07d3642b2377c4f45875f3,
        type: 3}
      propertyPath: m_Size.z
      value: 7.7984753
      objectReference: {fileID: 0}
    - target: {fileID: 2408362120196930620, guid: c67b09f3ac07d3642b2377c4f45875f3,
        type: 3}
      propertyPath: m_Center.x
      value: 0.04671693
      objectReference: {fileID: 0}
    - target: {fileID: 2408362120196930620, guid: c67b09f3ac07d3642b2377c4f45875f3,
        type: 3}
      propertyPath: m_Center.z
      value: -0.39923763
      objectReference: {fileID: 0}
    - target: {fileID: 4155708139601632629, guid: c67b09f3ac07d3642b2377c4f45875f3,
        type: 3}
      propertyPath: m_LocalPosition.x
      value: -0.55000013
      objectReference: {fileID: 0}
    - target: {fileID: 4155708139601632629, guid: c67b09f3ac07d3642b2377c4f45875f3,
        type: 3}
      propertyPath: m_LocalPosition.y
      value: -0.7818341
      objectReference: {fileID: 0}
    - target: {fileID: 4155708139601632629, guid: c67b09f3ac07d3642b2377c4f45875f3,
        type: 3}
      propertyPath: m_LocalPosition.z
      value: 15.600002
      objectReference: {fileID: 0}
    - target: {fileID: 4155708139601632629, guid: c67b09f3ac07d3642b2377c4f45875f3,
        type: 3}
      propertyPath: m_LocalRotation.x
      value: 0
      objectReference: {fileID: 0}
    - target: {fileID: 4155708139601632629, guid: c67b09f3ac07d3642b2377c4f45875f3,
        type: 3}
      propertyPath: m_LocalRotation.y
      value: 1
      objectReference: {fileID: 0}
    - target: {fileID: 4155708139601632629, guid: c67b09f3ac07d3642b2377c4f45875f3,
        type: 3}
      propertyPath: m_LocalRotation.z
      value: 0
      objectReference: {fileID: 0}
    - target: {fileID: 4155708139601632629, guid: c67b09f3ac07d3642b2377c4f45875f3,
        type: 3}
      propertyPath: m_LocalRotation.w
      value: 0
      objectReference: {fileID: 0}
    - target: {fileID: 4155708139601632629, guid: c67b09f3ac07d3642b2377c4f45875f3,
        type: 3}
      propertyPath: m_RootOrder
      value: 10
      objectReference: {fileID: 0}
    - target: {fileID: 4155708139601632629, guid: c67b09f3ac07d3642b2377c4f45875f3,
        type: 3}
      propertyPath: m_LocalEulerAnglesHint.x
      value: 0
      objectReference: {fileID: 0}
    - target: {fileID: 4155708139601632629, guid: c67b09f3ac07d3642b2377c4f45875f3,
        type: 3}
      propertyPath: m_LocalEulerAnglesHint.y
      value: 180
      objectReference: {fileID: 0}
    - target: {fileID: 4155708139601632629, guid: c67b09f3ac07d3642b2377c4f45875f3,
        type: 3}
      propertyPath: m_LocalEulerAnglesHint.z
      value: 0
      objectReference: {fileID: 0}
    - target: {fileID: 4299905957401212666, guid: c67b09f3ac07d3642b2377c4f45875f3,
        type: 3}
      propertyPath: m_LocalPosition.y
      value: 2
      objectReference: {fileID: 0}
    m_RemovedComponents: []
  m_SourcePrefab: {fileID: 100100000, guid: c67b09f3ac07d3642b2377c4f45875f3, type: 3}
--- !u!4 &1733760023848840994 stripped
Transform:
  m_CorrespondingSourceObject: {fileID: 4155708139601632629, guid: c67b09f3ac07d3642b2377c4f45875f3,
    type: 3}
  m_PrefabInstance: {fileID: 2423929487255138903}
  m_PrefabAsset: {fileID: 0}
--- !u!1001 &2792950748621585685
PrefabInstance:
  m_ObjectHideFlags: 0
  serializedVersion: 2
  m_Modification:
    m_TransformParent: {fileID: 1452293022384380186}
    m_Modifications:
    - target: {fileID: 1890303388720504938, guid: c67b09f3ac07d3642b2377c4f45875f3,
        type: 3}
      propertyPath: m_Name
      value: seat (11)
      objectReference: {fileID: 0}
    - target: {fileID: 4155708139601632629, guid: c67b09f3ac07d3642b2377c4f45875f3,
        type: 3}
      propertyPath: m_LocalPosition.x
      value: -0.55000013
      objectReference: {fileID: 0}
    - target: {fileID: 4155708139601632629, guid: c67b09f3ac07d3642b2377c4f45875f3,
        type: 3}
      propertyPath: m_LocalPosition.y
      value: -0.7818341
      objectReference: {fileID: 0}
    - target: {fileID: 4155708139601632629, guid: c67b09f3ac07d3642b2377c4f45875f3,
        type: 3}
      propertyPath: m_LocalPosition.z
      value: -16.519999
      objectReference: {fileID: 0}
    - target: {fileID: 4155708139601632629, guid: c67b09f3ac07d3642b2377c4f45875f3,
        type: 3}
      propertyPath: m_LocalRotation.x
      value: 0
      objectReference: {fileID: 0}
    - target: {fileID: 4155708139601632629, guid: c67b09f3ac07d3642b2377c4f45875f3,
        type: 3}
      propertyPath: m_LocalRotation.y
      value: 1
      objectReference: {fileID: 0}
    - target: {fileID: 4155708139601632629, guid: c67b09f3ac07d3642b2377c4f45875f3,
        type: 3}
      propertyPath: m_LocalRotation.z
      value: 0
      objectReference: {fileID: 0}
    - target: {fileID: 4155708139601632629, guid: c67b09f3ac07d3642b2377c4f45875f3,
        type: 3}
      propertyPath: m_LocalRotation.w
      value: 0
      objectReference: {fileID: 0}
    - target: {fileID: 4155708139601632629, guid: c67b09f3ac07d3642b2377c4f45875f3,
        type: 3}
      propertyPath: m_RootOrder
      value: 11
      objectReference: {fileID: 0}
    - target: {fileID: 4155708139601632629, guid: c67b09f3ac07d3642b2377c4f45875f3,
        type: 3}
      propertyPath: m_LocalEulerAnglesHint.x
      value: 0
      objectReference: {fileID: 0}
    - target: {fileID: 4155708139601632629, guid: c67b09f3ac07d3642b2377c4f45875f3,
        type: 3}
      propertyPath: m_LocalEulerAnglesHint.y
      value: 180
      objectReference: {fileID: 0}
    - target: {fileID: 4155708139601632629, guid: c67b09f3ac07d3642b2377c4f45875f3,
        type: 3}
      propertyPath: m_LocalEulerAnglesHint.z
      value: 0
      objectReference: {fileID: 0}
    - target: {fileID: 4299905957401212666, guid: c67b09f3ac07d3642b2377c4f45875f3,
        type: 3}
      propertyPath: m_LocalPosition.y
      value: 2
      objectReference: {fileID: 0}
    m_RemovedComponents: []
  m_SourcePrefab: {fileID: 100100000, guid: c67b09f3ac07d3642b2377c4f45875f3, type: 3}
--- !u!4 &2264896511247097952 stripped
Transform:
  m_CorrespondingSourceObject: {fileID: 4155708139601632629, guid: c67b09f3ac07d3642b2377c4f45875f3,
    type: 3}
  m_PrefabInstance: {fileID: 2792950748621585685}
  m_PrefabAsset: {fileID: 0}
--- !u!1001 &3005889598462666662
PrefabInstance:
  m_ObjectHideFlags: 0
  serializedVersion: 2
  m_Modification:
    m_TransformParent: {fileID: 1452293022384380186}
    m_Modifications:
    - target: {fileID: 1890303388720504938, guid: c67b09f3ac07d3642b2377c4f45875f3,
        type: 3}
      propertyPath: m_Name
      value: seat (5)
      objectReference: {fileID: 0}
    - target: {fileID: 4155708139601632629, guid: c67b09f3ac07d3642b2377c4f45875f3,
        type: 3}
      propertyPath: m_LocalPosition.x
      value: 8.66
      objectReference: {fileID: 0}
    - target: {fileID: 4155708139601632629, guid: c67b09f3ac07d3642b2377c4f45875f3,
        type: 3}
      propertyPath: m_LocalPosition.y
      value: -0.7818341
      objectReference: {fileID: 0}
    - target: {fileID: 4155708139601632629, guid: c67b09f3ac07d3642b2377c4f45875f3,
        type: 3}
      propertyPath: m_LocalPosition.z
      value: -13.17
      objectReference: {fileID: 0}
    - target: {fileID: 4155708139601632629, guid: c67b09f3ac07d3642b2377c4f45875f3,
        type: 3}
      propertyPath: m_LocalRotation.x
      value: -0
      objectReference: {fileID: 0}
    - target: {fileID: 4155708139601632629, guid: c67b09f3ac07d3642b2377c4f45875f3,
        type: 3}
      propertyPath: m_LocalRotation.y
      value: -0
      objectReference: {fileID: 0}
    - target: {fileID: 4155708139601632629, guid: c67b09f3ac07d3642b2377c4f45875f3,
        type: 3}
      propertyPath: m_LocalRotation.z
      value: -0
      objectReference: {fileID: 0}
    - target: {fileID: 4155708139601632629, guid: c67b09f3ac07d3642b2377c4f45875f3,
        type: 3}
      propertyPath: m_LocalRotation.w
      value: 1
      objectReference: {fileID: 0}
    - target: {fileID: 4155708139601632629, guid: c67b09f3ac07d3642b2377c4f45875f3,
        type: 3}
      propertyPath: m_RootOrder
      value: 5
      objectReference: {fileID: 0}
    - target: {fileID: 4155708139601632629, guid: c67b09f3ac07d3642b2377c4f45875f3,
        type: 3}
      propertyPath: m_LocalEulerAnglesHint.x
      value: 0
      objectReference: {fileID: 0}
    - target: {fileID: 4155708139601632629, guid: c67b09f3ac07d3642b2377c4f45875f3,
        type: 3}
      propertyPath: m_LocalEulerAnglesHint.y
      value: 0
      objectReference: {fileID: 0}
    - target: {fileID: 4155708139601632629, guid: c67b09f3ac07d3642b2377c4f45875f3,
        type: 3}
      propertyPath: m_LocalEulerAnglesHint.z
      value: 0
      objectReference: {fileID: 0}
    - target: {fileID: 4299905957401212666, guid: c67b09f3ac07d3642b2377c4f45875f3,
        type: 3}
      propertyPath: m_LocalPosition.y
      value: 2
      objectReference: {fileID: 0}
    - target: {fileID: 6760419906046061949, guid: c67b09f3ac07d3642b2377c4f45875f3,
        type: 3}
      propertyPath: m_IsActive
      value: 0
      objectReference: {fileID: 0}
    m_RemovedComponents: []
  m_SourcePrefab: {fileID: 100100000, guid: c67b09f3ac07d3642b2377c4f45875f3, type: 3}
--- !u!4 &1160550058237573843 stripped
Transform:
  m_CorrespondingSourceObject: {fileID: 4155708139601632629, guid: c67b09f3ac07d3642b2377c4f45875f3,
    type: 3}
  m_PrefabInstance: {fileID: 3005889598462666662}
  m_PrefabAsset: {fileID: 0}
--- !u!1001 &4835379635398772921
PrefabInstance:
  m_ObjectHideFlags: 0
  serializedVersion: 2
  m_Modification:
    m_TransformParent: {fileID: 1452293022384380186}
    m_Modifications:
    - target: {fileID: 1890303388720504938, guid: c67b09f3ac07d3642b2377c4f45875f3,
        type: 3}
      propertyPath: m_Name
      value: seat (3)
      objectReference: {fileID: 0}
    - target: {fileID: 2408362120196930620, guid: c67b09f3ac07d3642b2377c4f45875f3,
        type: 3}
      propertyPath: m_Size.z
      value: 7.8367023
      objectReference: {fileID: 0}
    - target: {fileID: 2408362120196930620, guid: c67b09f3ac07d3642b2377c4f45875f3,
        type: 3}
      propertyPath: m_Center.x
      value: 0.04671693
      objectReference: {fileID: 0}
    - target: {fileID: 2408362120196930620, guid: c67b09f3ac07d3642b2377c4f45875f3,
        type: 3}
      propertyPath: m_Center.z
      value: -0.41835117
      objectReference: {fileID: 0}
    - target: {fileID: 4155708139601632629, guid: c67b09f3ac07d3642b2377c4f45875f3,
        type: 3}
      propertyPath: m_LocalPosition.x
      value: 8.66
      objectReference: {fileID: 0}
    - target: {fileID: 4155708139601632629, guid: c67b09f3ac07d3642b2377c4f45875f3,
        type: 3}
      propertyPath: m_LocalPosition.y
      value: -0.7818341
      objectReference: {fileID: 0}
    - target: {fileID: 4155708139601632629, guid: c67b09f3ac07d3642b2377c4f45875f3,
        type: 3}
      propertyPath: m_LocalPosition.z
      value: 6.73
      objectReference: {fileID: 0}
    - target: {fileID: 4155708139601632629, guid: c67b09f3ac07d3642b2377c4f45875f3,
        type: 3}
      propertyPath: m_LocalRotation.x
      value: -0
      objectReference: {fileID: 0}
    - target: {fileID: 4155708139601632629, guid: c67b09f3ac07d3642b2377c4f45875f3,
        type: 3}
      propertyPath: m_LocalRotation.y
      value: -0
      objectReference: {fileID: 0}
    - target: {fileID: 4155708139601632629, guid: c67b09f3ac07d3642b2377c4f45875f3,
        type: 3}
      propertyPath: m_LocalRotation.z
      value: -0
      objectReference: {fileID: 0}
    - target: {fileID: 4155708139601632629, guid: c67b09f3ac07d3642b2377c4f45875f3,
        type: 3}
      propertyPath: m_LocalRotation.w
      value: 1
      objectReference: {fileID: 0}
    - target: {fileID: 4155708139601632629, guid: c67b09f3ac07d3642b2377c4f45875f3,
        type: 3}
      propertyPath: m_RootOrder
      value: 3
      objectReference: {fileID: 0}
    - target: {fileID: 4155708139601632629, guid: c67b09f3ac07d3642b2377c4f45875f3,
        type: 3}
      propertyPath: m_LocalEulerAnglesHint.x
      value: 0
      objectReference: {fileID: 0}
    - target: {fileID: 4155708139601632629, guid: c67b09f3ac07d3642b2377c4f45875f3,
        type: 3}
      propertyPath: m_LocalEulerAnglesHint.y
      value: 0
      objectReference: {fileID: 0}
    - target: {fileID: 4155708139601632629, guid: c67b09f3ac07d3642b2377c4f45875f3,
        type: 3}
      propertyPath: m_LocalEulerAnglesHint.z
      value: 0
      objectReference: {fileID: 0}
    - target: {fileID: 4299905957401212666, guid: c67b09f3ac07d3642b2377c4f45875f3,
        type: 3}
      propertyPath: m_LocalPosition.y
      value: 2
      objectReference: {fileID: 0}
    m_RemovedComponents: []
  m_SourcePrefab: {fileID: 100100000, guid: c67b09f3ac07d3642b2377c4f45875f3, type: 3}
--- !u!4 &8842451319344960972 stripped
Transform:
  m_CorrespondingSourceObject: {fileID: 4155708139601632629, guid: c67b09f3ac07d3642b2377c4f45875f3,
    type: 3}
  m_PrefabInstance: {fileID: 4835379635398772921}
  m_PrefabAsset: {fileID: 0}
--- !u!1001 &4975038828373248294
PrefabInstance:
  m_ObjectHideFlags: 0
  serializedVersion: 2
  m_Modification:
    m_TransformParent: {fileID: 1452293022384380186}
    m_Modifications:
    - target: {fileID: 1890303388720504938, guid: c67b09f3ac07d3642b2377c4f45875f3,
        type: 3}
      propertyPath: m_Name
      value: seat (1)
      objectReference: {fileID: 0}
    - target: {fileID: 2408362120196930620, guid: c67b09f3ac07d3642b2377c4f45875f3,
        type: 3}
      propertyPath: m_Size.z
      value: 7.4325066
      objectReference: {fileID: 0}
    - target: {fileID: 2408362120196930620, guid: c67b09f3ac07d3642b2377c4f45875f3,
        type: 3}
      propertyPath: m_Center.x
      value: 0.04671693
      objectReference: {fileID: 0}
    - target: {fileID: 2408362120196930620, guid: c67b09f3ac07d3642b2377c4f45875f3,
        type: 3}
      propertyPath: m_Center.z
      value: -0.21625328
      objectReference: {fileID: 0}
    - target: {fileID: 4155708139601632629, guid: c67b09f3ac07d3642b2377c4f45875f3,
        type: 3}
      propertyPath: m_LocalPosition.x
      value: 8.66
      objectReference: {fileID: 0}
    - target: {fileID: 4155708139601632629, guid: c67b09f3ac07d3642b2377c4f45875f3,
        type: 3}
      propertyPath: m_LocalPosition.y
      value: -0.7818341
      objectReference: {fileID: 0}
    - target: {fileID: 4155708139601632629, guid: c67b09f3ac07d3642b2377c4f45875f3,
        type: 3}
      propertyPath: m_LocalPosition.z
      value: 26.64
      objectReference: {fileID: 0}
    - target: {fileID: 4155708139601632629, guid: c67b09f3ac07d3642b2377c4f45875f3,
        type: 3}
      propertyPath: m_LocalRotation.x
      value: -0
      objectReference: {fileID: 0}
    - target: {fileID: 4155708139601632629, guid: c67b09f3ac07d3642b2377c4f45875f3,
        type: 3}
      propertyPath: m_LocalRotation.y
      value: -0
      objectReference: {fileID: 0}
    - target: {fileID: 4155708139601632629, guid: c67b09f3ac07d3642b2377c4f45875f3,
        type: 3}
      propertyPath: m_LocalRotation.z
      value: -0
      objectReference: {fileID: 0}
    - target: {fileID: 4155708139601632629, guid: c67b09f3ac07d3642b2377c4f45875f3,
        type: 3}
      propertyPath: m_LocalRotation.w
      value: 1
      objectReference: {fileID: 0}
    - target: {fileID: 4155708139601632629, guid: c67b09f3ac07d3642b2377c4f45875f3,
        type: 3}
      propertyPath: m_RootOrder
      value: 1
      objectReference: {fileID: 0}
    - target: {fileID: 4155708139601632629, guid: c67b09f3ac07d3642b2377c4f45875f3,
        type: 3}
      propertyPath: m_LocalEulerAnglesHint.x
      value: 0
      objectReference: {fileID: 0}
    - target: {fileID: 4155708139601632629, guid: c67b09f3ac07d3642b2377c4f45875f3,
        type: 3}
      propertyPath: m_LocalEulerAnglesHint.y
      value: 0
      objectReference: {fileID: 0}
    - target: {fileID: 4155708139601632629, guid: c67b09f3ac07d3642b2377c4f45875f3,
        type: 3}
      propertyPath: m_LocalEulerAnglesHint.z
      value: 0
      objectReference: {fileID: 0}
    - target: {fileID: 4299905957401212666, guid: c67b09f3ac07d3642b2377c4f45875f3,
        type: 3}
      propertyPath: m_LocalPosition.y
      value: 2
      objectReference: {fileID: 0}
    m_RemovedComponents: []
  m_SourcePrefab: {fileID: 100100000, guid: c67b09f3ac07d3642b2377c4f45875f3, type: 3}
--- !u!4 &8982123777119818835 stripped
Transform:
  m_CorrespondingSourceObject: {fileID: 4155708139601632629, guid: c67b09f3ac07d3642b2377c4f45875f3,
    type: 3}
  m_PrefabInstance: {fileID: 4975038828373248294}
  m_PrefabAsset: {fileID: 0}
--- !u!1001 &5086000258297525801
PrefabInstance:
  m_ObjectHideFlags: 0
  serializedVersion: 2
  m_Modification:
    m_TransformParent: {fileID: 1452293022384380186}
    m_Modifications:
    - target: {fileID: 1890303388720504938, guid: c67b09f3ac07d3642b2377c4f45875f3,
        type: 3}
      propertyPath: m_Name
      value: seat (2)
      objectReference: {fileID: 0}
    - target: {fileID: 2408362120196930620, guid: c67b09f3ac07d3642b2377c4f45875f3,
        type: 3}
      propertyPath: m_Size.z
      value: 7.409827
      objectReference: {fileID: 0}
    - target: {fileID: 2408362120196930620, guid: c67b09f3ac07d3642b2377c4f45875f3,
        type: 3}
      propertyPath: m_Center.x
      value: 0.04671693
      objectReference: {fileID: 0}
    - target: {fileID: 2408362120196930620, guid: c67b09f3ac07d3642b2377c4f45875f3,
        type: 3}
      propertyPath: m_Center.z
      value: 0.20491362
      objectReference: {fileID: 0}
    - target: {fileID: 4155708139601632629, guid: c67b09f3ac07d3642b2377c4f45875f3,
        type: 3}
      propertyPath: m_LocalPosition.x
      value: 8.66
      objectReference: {fileID: 0}
    - target: {fileID: 4155708139601632629, guid: c67b09f3ac07d3642b2377c4f45875f3,
        type: 3}
      propertyPath: m_LocalPosition.y
      value: -0.7818341
      objectReference: {fileID: 0}
    - target: {fileID: 4155708139601632629, guid: c67b09f3ac07d3642b2377c4f45875f3,
        type: 3}
      propertyPath: m_LocalPosition.z
      value: 18.95
      objectReference: {fileID: 0}
    - target: {fileID: 4155708139601632629, guid: c67b09f3ac07d3642b2377c4f45875f3,
        type: 3}
      propertyPath: m_LocalRotation.x
      value: -0
      objectReference: {fileID: 0}
    - target: {fileID: 4155708139601632629, guid: c67b09f3ac07d3642b2377c4f45875f3,
        type: 3}
      propertyPath: m_LocalRotation.y
      value: -0
      objectReference: {fileID: 0}
    - target: {fileID: 4155708139601632629, guid: c67b09f3ac07d3642b2377c4f45875f3,
        type: 3}
      propertyPath: m_LocalRotation.z
      value: -0
      objectReference: {fileID: 0}
    - target: {fileID: 4155708139601632629, guid: c67b09f3ac07d3642b2377c4f45875f3,
        type: 3}
      propertyPath: m_LocalRotation.w
      value: 1
      objectReference: {fileID: 0}
    - target: {fileID: 4155708139601632629, guid: c67b09f3ac07d3642b2377c4f45875f3,
        type: 3}
      propertyPath: m_RootOrder
      value: 2
      objectReference: {fileID: 0}
    - target: {fileID: 4155708139601632629, guid: c67b09f3ac07d3642b2377c4f45875f3,
        type: 3}
      propertyPath: m_LocalEulerAnglesHint.x
      value: 0
      objectReference: {fileID: 0}
    - target: {fileID: 4155708139601632629, guid: c67b09f3ac07d3642b2377c4f45875f3,
        type: 3}
      propertyPath: m_LocalEulerAnglesHint.y
      value: 0
      objectReference: {fileID: 0}
    - target: {fileID: 4155708139601632629, guid: c67b09f3ac07d3642b2377c4f45875f3,
        type: 3}
      propertyPath: m_LocalEulerAnglesHint.z
      value: 0
      objectReference: {fileID: 0}
    - target: {fileID: 4299905957401212666, guid: c67b09f3ac07d3642b2377c4f45875f3,
        type: 3}
      propertyPath: m_LocalPosition.y
      value: 2
      objectReference: {fileID: 0}
    m_RemovedComponents: []
  m_SourcePrefab: {fileID: 100100000, guid: c67b09f3ac07d3642b2377c4f45875f3, type: 3}
--- !u!4 &9167376938551602012 stripped
Transform:
  m_CorrespondingSourceObject: {fileID: 4155708139601632629, guid: c67b09f3ac07d3642b2377c4f45875f3,
    type: 3}
  m_PrefabInstance: {fileID: 5086000258297525801}
  m_PrefabAsset: {fileID: 0}
--- !u!1001 &5343131463204954916
PrefabInstance:
  m_ObjectHideFlags: 0
  serializedVersion: 2
  m_Modification:
    m_TransformParent: {fileID: 6904174510550631614}
    m_Modifications:
    - target: {fileID: -8679921383154817045, guid: 2052fa1663abf574881331c6c6277c2b,
        type: 3}
      propertyPath: m_LocalPosition.x
      value: -0.08
      objectReference: {fileID: 0}
    - target: {fileID: -8679921383154817045, guid: 2052fa1663abf574881331c6c6277c2b,
        type: 3}
      propertyPath: m_LocalPosition.y
      value: 0.4
      objectReference: {fileID: 0}
    - target: {fileID: -8679921383154817045, guid: 2052fa1663abf574881331c6c6277c2b,
        type: 3}
      propertyPath: m_LocalPosition.z
      value: 0
      objectReference: {fileID: 0}
    - target: {fileID: -8679921383154817045, guid: 2052fa1663abf574881331c6c6277c2b,
        type: 3}
      propertyPath: m_LocalRotation.x
      value: -0.5
      objectReference: {fileID: 0}
    - target: {fileID: -8679921383154817045, guid: 2052fa1663abf574881331c6c6277c2b,
        type: 3}
      propertyPath: m_LocalRotation.y
      value: 0.5
      objectReference: {fileID: 0}
    - target: {fileID: -8679921383154817045, guid: 2052fa1663abf574881331c6c6277c2b,
        type: 3}
      propertyPath: m_LocalRotation.z
      value: 0.5
      objectReference: {fileID: 0}
    - target: {fileID: -8679921383154817045, guid: 2052fa1663abf574881331c6c6277c2b,
        type: 3}
      propertyPath: m_LocalRotation.w
      value: 0.5
      objectReference: {fileID: 0}
    - target: {fileID: -8679921383154817045, guid: 2052fa1663abf574881331c6c6277c2b,
        type: 3}
      propertyPath: m_RootOrder
      value: 0
      objectReference: {fileID: 0}
    - target: {fileID: -8679921383154817045, guid: 2052fa1663abf574881331c6c6277c2b,
        type: 3}
      propertyPath: m_LocalEulerAnglesHint.x
      value: -90
      objectReference: {fileID: 0}
    - target: {fileID: -8679921383154817045, guid: 2052fa1663abf574881331c6c6277c2b,
        type: 3}
      propertyPath: m_LocalEulerAnglesHint.y
      value: 90
      objectReference: {fileID: 0}
    - target: {fileID: -8679921383154817045, guid: 2052fa1663abf574881331c6c6277c2b,
        type: 3}
      propertyPath: m_LocalEulerAnglesHint.z
      value: 0
      objectReference: {fileID: 0}
    - target: {fileID: -8679921383154817045, guid: 2052fa1663abf574881331c6c6277c2b,
        type: 3}
      propertyPath: m_LocalScale.y
      value: 1.8
      objectReference: {fileID: 0}
    - target: {fileID: 919132149155446097, guid: 2052fa1663abf574881331c6c6277c2b,
        type: 3}
      propertyPath: m_Name
      value: right
      objectReference: {fileID: 0}
    m_RemovedComponents: []
  m_SourcePrefab: {fileID: 100100000, guid: 2052fa1663abf574881331c6c6277c2b, type: 3}
--- !u!4 &5596888830179673295 stripped
Transform:
  m_CorrespondingSourceObject: {fileID: -8679921383154817045, guid: 2052fa1663abf574881331c6c6277c2b,
    type: 3}
  m_PrefabInstance: {fileID: 5343131463204954916}
  m_PrefabAsset: {fileID: 0}
--- !u!1001 &5396408347456387357
PrefabInstance:
  m_ObjectHideFlags: 0
  serializedVersion: 2
  m_Modification:
    m_TransformParent: {fileID: 9041927310885189454}
    m_Modifications:
    - target: {fileID: 2164630094683295920, guid: 6eaa084d6bc351a48907d0a3af173a22,
        type: 3}
      propertyPath: m_LocalPosition.x
      value: -3.83
      objectReference: {fileID: 0}
    - target: {fileID: 2164630094683295920, guid: 6eaa084d6bc351a48907d0a3af173a22,
        type: 3}
      propertyPath: m_LocalPosition.y
      value: 7.0210495
      objectReference: {fileID: 0}
    - target: {fileID: 2164630094683295920, guid: 6eaa084d6bc351a48907d0a3af173a22,
        type: 3}
      propertyPath: m_LocalPosition.z
      value: 9.791
      objectReference: {fileID: 0}
    - target: {fileID: 2164630094683295920, guid: 6eaa084d6bc351a48907d0a3af173a22,
        type: 3}
      propertyPath: m_LocalRotation.x
      value: 0
      objectReference: {fileID: 0}
    - target: {fileID: 2164630094683295920, guid: 6eaa084d6bc351a48907d0a3af173a22,
        type: 3}
      propertyPath: m_LocalRotation.y
      value: -0.7071068
      objectReference: {fileID: 0}
    - target: {fileID: 2164630094683295920, guid: 6eaa084d6bc351a48907d0a3af173a22,
        type: 3}
      propertyPath: m_LocalRotation.z
      value: 0
      objectReference: {fileID: 0}
    - target: {fileID: 2164630094683295920, guid: 6eaa084d6bc351a48907d0a3af173a22,
        type: 3}
      propertyPath: m_LocalRotation.w
      value: 0.7071068
      objectReference: {fileID: 0}
    - target: {fileID: 2164630094683295920, guid: 6eaa084d6bc351a48907d0a3af173a22,
        type: 3}
      propertyPath: m_RootOrder
      value: 9
      objectReference: {fileID: 0}
    - target: {fileID: 2164630094683295920, guid: 6eaa084d6bc351a48907d0a3af173a22,
        type: 3}
      propertyPath: m_LocalEulerAnglesHint.x
      value: 0
      objectReference: {fileID: 0}
    - target: {fileID: 2164630094683295920, guid: 6eaa084d6bc351a48907d0a3af173a22,
        type: 3}
      propertyPath: m_LocalEulerAnglesHint.y
      value: -90
      objectReference: {fileID: 0}
    - target: {fileID: 2164630094683295920, guid: 6eaa084d6bc351a48907d0a3af173a22,
        type: 3}
      propertyPath: m_LocalEulerAnglesHint.z
      value: 0
      objectReference: {fileID: 0}
    - target: {fileID: 3756164893947448560, guid: 6eaa084d6bc351a48907d0a3af173a22,
        type: 3}
      propertyPath: m_Name
      value: emergency_brake (1)
      objectReference: {fileID: 0}
    m_RemovedComponents: []
  m_SourcePrefab: {fileID: 100100000, guid: 6eaa084d6bc351a48907d0a3af173a22, type: 3}
--- !u!4 &6118609957880392109 stripped
Transform:
  m_CorrespondingSourceObject: {fileID: 2164630094683295920, guid: 6eaa084d6bc351a48907d0a3af173a22,
    type: 3}
  m_PrefabInstance: {fileID: 5396408347456387357}
  m_PrefabAsset: {fileID: 0}
--- !u!1001 &5449053344121185353
PrefabInstance:
  m_ObjectHideFlags: 0
  serializedVersion: 2
  m_Modification:
    m_TransformParent: {fileID: 1452293022384380186}
    m_Modifications:
    - target: {fileID: 1890303388720504938, guid: c67b09f3ac07d3642b2377c4f45875f3,
        type: 3}
      propertyPath: m_Name
      value: seat (8)
      objectReference: {fileID: 0}
    - target: {fileID: 2408362120196930620, guid: c67b09f3ac07d3642b2377c4f45875f3,
        type: 3}
      propertyPath: m_Size.z
      value: 8.013706
      objectReference: {fileID: 0}
    - target: {fileID: 2408362120196930620, guid: c67b09f3ac07d3642b2377c4f45875f3,
        type: 3}
      propertyPath: m_Center.x
      value: 0.04671693
      objectReference: {fileID: 0}
    - target: {fileID: 2408362120196930620, guid: c67b09f3ac07d3642b2377c4f45875f3,
        type: 3}
      propertyPath: m_Center.z
      value: -0.5068531
      objectReference: {fileID: 0}
    - target: {fileID: 4155708139601632629, guid: c67b09f3ac07d3642b2377c4f45875f3,
        type: 3}
      propertyPath: m_LocalPosition.x
      value: -0.55000013
      objectReference: {fileID: 0}
    - target: {fileID: 4155708139601632629, guid: c67b09f3ac07d3642b2377c4f45875f3,
        type: 3}
      propertyPath: m_LocalPosition.y
      value: -0.7818341
      objectReference: {fileID: 0}
    - target: {fileID: 4155708139601632629, guid: c67b09f3ac07d3642b2377c4f45875f3,
        type: 3}
      propertyPath: m_LocalPosition.z
      value: -4.3099976
      objectReference: {fileID: 0}
    - target: {fileID: 4155708139601632629, guid: c67b09f3ac07d3642b2377c4f45875f3,
        type: 3}
      propertyPath: m_LocalRotation.x
      value: 0
      objectReference: {fileID: 0}
    - target: {fileID: 4155708139601632629, guid: c67b09f3ac07d3642b2377c4f45875f3,
        type: 3}
      propertyPath: m_LocalRotation.y
      value: 1
      objectReference: {fileID: 0}
    - target: {fileID: 4155708139601632629, guid: c67b09f3ac07d3642b2377c4f45875f3,
        type: 3}
      propertyPath: m_LocalRotation.z
      value: 0
      objectReference: {fileID: 0}
    - target: {fileID: 4155708139601632629, guid: c67b09f3ac07d3642b2377c4f45875f3,
        type: 3}
      propertyPath: m_LocalRotation.w
      value: 0
      objectReference: {fileID: 0}
    - target: {fileID: 4155708139601632629, guid: c67b09f3ac07d3642b2377c4f45875f3,
        type: 3}
      propertyPath: m_RootOrder
      value: 8
      objectReference: {fileID: 0}
    - target: {fileID: 4155708139601632629, guid: c67b09f3ac07d3642b2377c4f45875f3,
        type: 3}
      propertyPath: m_LocalEulerAnglesHint.x
      value: 0
      objectReference: {fileID: 0}
    - target: {fileID: 4155708139601632629, guid: c67b09f3ac07d3642b2377c4f45875f3,
        type: 3}
      propertyPath: m_LocalEulerAnglesHint.y
      value: 180
      objectReference: {fileID: 0}
    - target: {fileID: 4155708139601632629, guid: c67b09f3ac07d3642b2377c4f45875f3,
        type: 3}
      propertyPath: m_LocalEulerAnglesHint.z
      value: 0
      objectReference: {fileID: 0}
    - target: {fileID: 4299905957401212666, guid: c67b09f3ac07d3642b2377c4f45875f3,
        type: 3}
      propertyPath: m_LocalPosition.y
      value: 2
      objectReference: {fileID: 0}
    m_RemovedComponents: []
  m_SourcePrefab: {fileID: 100100000, guid: c67b09f3ac07d3642b2377c4f45875f3, type: 3}
--- !u!4 &8228894201813203260 stripped
Transform:
  m_CorrespondingSourceObject: {fileID: 4155708139601632629, guid: c67b09f3ac07d3642b2377c4f45875f3,
    type: 3}
  m_PrefabInstance: {fileID: 5449053344121185353}
  m_PrefabAsset: {fileID: 0}
--- !u!1001 &5776097834510624347
PrefabInstance:
  m_ObjectHideFlags: 0
  serializedVersion: 2
  m_Modification:
    m_TransformParent: {fileID: 1452293022384380186}
    m_Modifications:
    - target: {fileID: 1890303388720504938, guid: c67b09f3ac07d3642b2377c4f45875f3,
        type: 3}
      propertyPath: m_Name
      value: seat (9)
      objectReference: {fileID: 0}
    - target: {fileID: 4155708139601632629, guid: c67b09f3ac07d3642b2377c4f45875f3,
        type: 3}
      propertyPath: m_LocalPosition.x
      value: -0.55
      objectReference: {fileID: 0}
    - target: {fileID: 4155708139601632629, guid: c67b09f3ac07d3642b2377c4f45875f3,
        type: 3}
      propertyPath: m_LocalPosition.y
      value: -0.7818341
      objectReference: {fileID: 0}
    - target: {fileID: 4155708139601632629, guid: c67b09f3ac07d3642b2377c4f45875f3,
        type: 3}
      propertyPath: m_LocalPosition.z
      value: 35.45
      objectReference: {fileID: 0}
    - target: {fileID: 4155708139601632629, guid: c67b09f3ac07d3642b2377c4f45875f3,
        type: 3}
      propertyPath: m_LocalRotation.x
      value: 0
      objectReference: {fileID: 0}
    - target: {fileID: 4155708139601632629, guid: c67b09f3ac07d3642b2377c4f45875f3,
        type: 3}
      propertyPath: m_LocalRotation.y
      value: 1
      objectReference: {fileID: 0}
    - target: {fileID: 4155708139601632629, guid: c67b09f3ac07d3642b2377c4f45875f3,
        type: 3}
      propertyPath: m_LocalRotation.z
      value: 0
      objectReference: {fileID: 0}
    - target: {fileID: 4155708139601632629, guid: c67b09f3ac07d3642b2377c4f45875f3,
        type: 3}
      propertyPath: m_LocalRotation.w
      value: 0
      objectReference: {fileID: 0}
    - target: {fileID: 4155708139601632629, guid: c67b09f3ac07d3642b2377c4f45875f3,
        type: 3}
      propertyPath: m_RootOrder
      value: 9
      objectReference: {fileID: 0}
    - target: {fileID: 4155708139601632629, guid: c67b09f3ac07d3642b2377c4f45875f3,
        type: 3}
      propertyPath: m_LocalEulerAnglesHint.x
      value: 0
      objectReference: {fileID: 0}
    - target: {fileID: 4155708139601632629, guid: c67b09f3ac07d3642b2377c4f45875f3,
        type: 3}
      propertyPath: m_LocalEulerAnglesHint.y
      value: 180
      objectReference: {fileID: 0}
    - target: {fileID: 4155708139601632629, guid: c67b09f3ac07d3642b2377c4f45875f3,
        type: 3}
      propertyPath: m_LocalEulerAnglesHint.z
      value: 0
      objectReference: {fileID: 0}
    - target: {fileID: 4299905957401212666, guid: c67b09f3ac07d3642b2377c4f45875f3,
        type: 3}
      propertyPath: m_LocalPosition.y
      value: 2
      objectReference: {fileID: 0}
    - target: {fileID: 6760419906046061949, guid: c67b09f3ac07d3642b2377c4f45875f3,
        type: 3}
      propertyPath: m_IsActive
      value: 0
      objectReference: {fileID: 0}
    m_RemovedComponents: []
  m_SourcePrefab: {fileID: 100100000, guid: c67b09f3ac07d3642b2377c4f45875f3, type: 3}
--- !u!4 &7603440563577109294 stripped
Transform:
  m_CorrespondingSourceObject: {fileID: 4155708139601632629, guid: c67b09f3ac07d3642b2377c4f45875f3,
    type: 3}
  m_PrefabInstance: {fileID: 5776097834510624347}
  m_PrefabAsset: {fileID: 0}
--- !u!1001 &6146682716432808031
PrefabInstance:
  m_ObjectHideFlags: 0
  serializedVersion: 2
  m_Modification:
    m_TransformParent: {fileID: 1452293022384380186}
    m_Modifications:
    - target: {fileID: 1890303388720504938, guid: c67b09f3ac07d3642b2377c4f45875f3,
        type: 3}
      propertyPath: m_Name
      value: seat (6)
      objectReference: {fileID: 0}
    - target: {fileID: 4155708139601632629, guid: c67b09f3ac07d3642b2377c4f45875f3,
        type: 3}
      propertyPath: m_LocalPosition.x
      value: -0.55000013
      objectReference: {fileID: 0}
    - target: {fileID: 4155708139601632629, guid: c67b09f3ac07d3642b2377c4f45875f3,
        type: 3}
      propertyPath: m_LocalPosition.y
      value: -0.7818341
      objectReference: {fileID: 0}
    - target: {fileID: 4155708139601632629, guid: c67b09f3ac07d3642b2377c4f45875f3,
        type: 3}
      propertyPath: m_LocalPosition.z
      value: 23.29
      objectReference: {fileID: 0}
    - target: {fileID: 4155708139601632629, guid: c67b09f3ac07d3642b2377c4f45875f3,
        type: 3}
      propertyPath: m_LocalRotation.x
      value: 0
      objectReference: {fileID: 0}
    - target: {fileID: 4155708139601632629, guid: c67b09f3ac07d3642b2377c4f45875f3,
        type: 3}
      propertyPath: m_LocalRotation.y
      value: 1
      objectReference: {fileID: 0}
    - target: {fileID: 4155708139601632629, guid: c67b09f3ac07d3642b2377c4f45875f3,
        type: 3}
      propertyPath: m_LocalRotation.z
      value: 0
      objectReference: {fileID: 0}
    - target: {fileID: 4155708139601632629, guid: c67b09f3ac07d3642b2377c4f45875f3,
        type: 3}
      propertyPath: m_LocalRotation.w
      value: 0
      objectReference: {fileID: 0}
    - target: {fileID: 4155708139601632629, guid: c67b09f3ac07d3642b2377c4f45875f3,
        type: 3}
      propertyPath: m_RootOrder
      value: 6
      objectReference: {fileID: 0}
    - target: {fileID: 4155708139601632629, guid: c67b09f3ac07d3642b2377c4f45875f3,
        type: 3}
      propertyPath: m_LocalEulerAnglesHint.x
      value: 0
      objectReference: {fileID: 0}
    - target: {fileID: 4155708139601632629, guid: c67b09f3ac07d3642b2377c4f45875f3,
        type: 3}
      propertyPath: m_LocalEulerAnglesHint.y
      value: 180
      objectReference: {fileID: 0}
    - target: {fileID: 4155708139601632629, guid: c67b09f3ac07d3642b2377c4f45875f3,
        type: 3}
      propertyPath: m_LocalEulerAnglesHint.z
      value: 0
      objectReference: {fileID: 0}
    - target: {fileID: 4299905957401212666, guid: c67b09f3ac07d3642b2377c4f45875f3,
        type: 3}
      propertyPath: m_LocalPosition.y
      value: 2
      objectReference: {fileID: 0}
    m_RemovedComponents: []
  m_SourcePrefab: {fileID: 100100000, guid: c67b09f3ac07d3642b2377c4f45875f3, type: 3}
--- !u!4 &7845672790926894378 stripped
Transform:
  m_CorrespondingSourceObject: {fileID: 4155708139601632629, guid: c67b09f3ac07d3642b2377c4f45875f3,
    type: 3}
  m_PrefabInstance: {fileID: 6146682716432808031}
  m_PrefabAsset: {fileID: 0}
--- !u!1001 &6633954865354461298
PrefabInstance:
  m_ObjectHideFlags: 0
  serializedVersion: 2
  m_Modification:
    m_TransformParent: {fileID: 9041927311331776705}
    m_Modifications:
    - target: {fileID: 6561170637184252232, guid: 3e0d772b6482ae0489be8a8f6bc1ea20,
        type: 3}
      propertyPath: m_LocalPosition.x
      value: 0
      objectReference: {fileID: 0}
    - target: {fileID: 6561170637184252232, guid: 3e0d772b6482ae0489be8a8f6bc1ea20,
        type: 3}
      propertyPath: m_LocalPosition.y
      value: 7.849
      objectReference: {fileID: 0}
    - target: {fileID: 6561170637184252232, guid: 3e0d772b6482ae0489be8a8f6bc1ea20,
        type: 3}
      propertyPath: m_LocalPosition.z
      value: 0
      objectReference: {fileID: 0}
    - target: {fileID: 6561170637184252232, guid: 3e0d772b6482ae0489be8a8f6bc1ea20,
        type: 3}
      propertyPath: m_LocalRotation.x
      value: -0
      objectReference: {fileID: 0}
    - target: {fileID: 6561170637184252232, guid: 3e0d772b6482ae0489be8a8f6bc1ea20,
        type: 3}
      propertyPath: m_LocalRotation.y
      value: -0
      objectReference: {fileID: 0}
    - target: {fileID: 6561170637184252232, guid: 3e0d772b6482ae0489be8a8f6bc1ea20,
        type: 3}
      propertyPath: m_LocalRotation.z
      value: -0
      objectReference: {fileID: 0}
    - target: {fileID: 6561170637184252232, guid: 3e0d772b6482ae0489be8a8f6bc1ea20,
        type: 3}
      propertyPath: m_LocalRotation.w
      value: 1
      objectReference: {fileID: 0}
    - target: {fileID: 6561170637184252232, guid: 3e0d772b6482ae0489be8a8f6bc1ea20,
        type: 3}
      propertyPath: m_RootOrder
      value: 0
      objectReference: {fileID: 0}
    - target: {fileID: 6561170637184252232, guid: 3e0d772b6482ae0489be8a8f6bc1ea20,
        type: 3}
      propertyPath: m_LocalEulerAnglesHint.x
      value: 0
      objectReference: {fileID: 0}
    - target: {fileID: 6561170637184252232, guid: 3e0d772b6482ae0489be8a8f6bc1ea20,
        type: 3}
      propertyPath: m_LocalEulerAnglesHint.y
      value: 0
      objectReference: {fileID: 0}
    - target: {fileID: 6561170637184252232, guid: 3e0d772b6482ae0489be8a8f6bc1ea20,
        type: 3}
      propertyPath: m_LocalEulerAnglesHint.z
      value: 0
      objectReference: {fileID: 0}
    - target: {fileID: 8903165637779806988, guid: 3e0d772b6482ae0489be8a8f6bc1ea20,
        type: 3}
      propertyPath: m_Name
      value: lamp_light_1
      objectReference: {fileID: 0}
    m_RemovedComponents: []
  m_SourcePrefab: {fileID: 100100000, guid: 3e0d772b6482ae0489be8a8f6bc1ea20, type: 3}
--- !u!4 &512705724405147962 stripped
Transform:
  m_CorrespondingSourceObject: {fileID: 6561170637184252232, guid: 3e0d772b6482ae0489be8a8f6bc1ea20,
    type: 3}
  m_PrefabInstance: {fileID: 6633954865354461298}
  m_PrefabAsset: {fileID: 0}
--- !u!1001 &8236021919589906019
PrefabInstance:
  m_ObjectHideFlags: 0
  serializedVersion: 2
  m_Modification:
    m_TransformParent: {fileID: 1452293022384380186}
    m_Modifications:
    - target: {fileID: 1890303388720504938, guid: c67b09f3ac07d3642b2377c4f45875f3,
        type: 3}
      propertyPath: m_Name
      value: seat (4)
      objectReference: {fileID: 0}
    - target: {fileID: 4155708139601632629, guid: c67b09f3ac07d3642b2377c4f45875f3,
        type: 3}
      propertyPath: m_LocalPosition.x
      value: 8.66
      objectReference: {fileID: 0}
    - target: {fileID: 4155708139601632629, guid: c67b09f3ac07d3642b2377c4f45875f3,
        type: 3}
      propertyPath: m_LocalPosition.y
      value: -0.7818341
      objectReference: {fileID: 0}
    - target: {fileID: 4155708139601632629, guid: c67b09f3ac07d3642b2377c4f45875f3,
        type: 3}
      propertyPath: m_LocalPosition.z
      value: -0.9599991
      objectReference: {fileID: 0}
    - target: {fileID: 4155708139601632629, guid: c67b09f3ac07d3642b2377c4f45875f3,
        type: 3}
      propertyPath: m_LocalRotation.x
      value: -0
      objectReference: {fileID: 0}
    - target: {fileID: 4155708139601632629, guid: c67b09f3ac07d3642b2377c4f45875f3,
        type: 3}
      propertyPath: m_LocalRotation.y
      value: -0
      objectReference: {fileID: 0}
    - target: {fileID: 4155708139601632629, guid: c67b09f3ac07d3642b2377c4f45875f3,
        type: 3}
      propertyPath: m_LocalRotation.z
      value: -0
      objectReference: {fileID: 0}
    - target: {fileID: 4155708139601632629, guid: c67b09f3ac07d3642b2377c4f45875f3,
        type: 3}
      propertyPath: m_LocalRotation.w
      value: 1
      objectReference: {fileID: 0}
    - target: {fileID: 4155708139601632629, guid: c67b09f3ac07d3642b2377c4f45875f3,
        type: 3}
      propertyPath: m_RootOrder
      value: 4
      objectReference: {fileID: 0}
    - target: {fileID: 4155708139601632629, guid: c67b09f3ac07d3642b2377c4f45875f3,
        type: 3}
      propertyPath: m_LocalEulerAnglesHint.x
      value: 0
      objectReference: {fileID: 0}
    - target: {fileID: 4155708139601632629, guid: c67b09f3ac07d3642b2377c4f45875f3,
        type: 3}
      propertyPath: m_LocalEulerAnglesHint.y
      value: 0
      objectReference: {fileID: 0}
    - target: {fileID: 4155708139601632629, guid: c67b09f3ac07d3642b2377c4f45875f3,
        type: 3}
      propertyPath: m_LocalEulerAnglesHint.z
      value: 0
      objectReference: {fileID: 0}
    - target: {fileID: 4299905957401212666, guid: c67b09f3ac07d3642b2377c4f45875f3,
        type: 3}
      propertyPath: m_LocalPosition.y
      value: 2
      objectReference: {fileID: 0}
    m_RemovedComponents: []
  m_SourcePrefab: {fileID: 100100000, guid: c67b09f3ac07d3642b2377c4f45875f3, type: 3}
--- !u!4 &5467423567414766358 stripped
Transform:
  m_CorrespondingSourceObject: {fileID: 4155708139601632629, guid: c67b09f3ac07d3642b2377c4f45875f3,
    type: 3}
  m_PrefabInstance: {fileID: 8236021919589906019}
  m_PrefabAsset: {fileID: 0}
--- !u!1001 &8707805195412118349
PrefabInstance:
  m_ObjectHideFlags: 0
  serializedVersion: 2
  m_Modification:
    m_TransformParent: {fileID: 1452293022384380186}
    m_Modifications:
    - target: {fileID: 1890303388720504938, guid: c67b09f3ac07d3642b2377c4f45875f3,
        type: 3}
      propertyPath: m_Name
      value: seat (7)
      objectReference: {fileID: 0}
    - target: {fileID: 4155708139601632629, guid: c67b09f3ac07d3642b2377c4f45875f3,
        type: 3}
      propertyPath: m_LocalPosition.x
      value: -0.55000013
      objectReference: {fileID: 0}
    - target: {fileID: 4155708139601632629, guid: c67b09f3ac07d3642b2377c4f45875f3,
        type: 3}
      propertyPath: m_LocalPosition.y
      value: -0.7818341
      objectReference: {fileID: 0}
    - target: {fileID: 4155708139601632629, guid: c67b09f3ac07d3642b2377c4f45875f3,
        type: 3}
      propertyPath: m_LocalPosition.z
      value: 3.3800015
      objectReference: {fileID: 0}
    - target: {fileID: 4155708139601632629, guid: c67b09f3ac07d3642b2377c4f45875f3,
        type: 3}
      propertyPath: m_LocalRotation.x
      value: 0
      objectReference: {fileID: 0}
    - target: {fileID: 4155708139601632629, guid: c67b09f3ac07d3642b2377c4f45875f3,
        type: 3}
      propertyPath: m_LocalRotation.y
      value: 1
      objectReference: {fileID: 0}
    - target: {fileID: 4155708139601632629, guid: c67b09f3ac07d3642b2377c4f45875f3,
        type: 3}
      propertyPath: m_LocalRotation.z
      value: 0
      objectReference: {fileID: 0}
    - target: {fileID: 4155708139601632629, guid: c67b09f3ac07d3642b2377c4f45875f3,
        type: 3}
      propertyPath: m_LocalRotation.w
      value: 0
      objectReference: {fileID: 0}
    - target: {fileID: 4155708139601632629, guid: c67b09f3ac07d3642b2377c4f45875f3,
        type: 3}
      propertyPath: m_RootOrder
      value: 7
      objectReference: {fileID: 0}
    - target: {fileID: 4155708139601632629, guid: c67b09f3ac07d3642b2377c4f45875f3,
        type: 3}
      propertyPath: m_LocalEulerAnglesHint.x
      value: 0
      objectReference: {fileID: 0}
    - target: {fileID: 4155708139601632629, guid: c67b09f3ac07d3642b2377c4f45875f3,
        type: 3}
      propertyPath: m_LocalEulerAnglesHint.y
      value: 180
      objectReference: {fileID: 0}
    - target: {fileID: 4155708139601632629, guid: c67b09f3ac07d3642b2377c4f45875f3,
        type: 3}
      propertyPath: m_LocalEulerAnglesHint.z
      value: 0
      objectReference: {fileID: 0}
    - target: {fileID: 4299905957401212666, guid: c67b09f3ac07d3642b2377c4f45875f3,
        type: 3}
      propertyPath: m_LocalPosition.y
      value: 2
      objectReference: {fileID: 0}
    m_RemovedComponents: []
  m_SourcePrefab: {fileID: 100100000, guid: c67b09f3ac07d3642b2377c4f45875f3, type: 3}
--- !u!4 &4716496107749803576 stripped
Transform:
  m_CorrespondingSourceObject: {fileID: 4155708139601632629, guid: c67b09f3ac07d3642b2377c4f45875f3,
    type: 3}
  m_PrefabInstance: {fileID: 8707805195412118349}
  m_PrefabAsset: {fileID: 0}
--- !u!1001 &9041927310399371503
PrefabInstance:
  m_ObjectHideFlags: 0
  serializedVersion: 2
  m_Modification:
    m_TransformParent: {fileID: 9041927311049705303}
    m_Modifications:
    - target: {fileID: 2708823945364032093, guid: 832cd25b64f1fe140a6b6c5d32664d20,
        type: 3}
      propertyPath: m_Name
      value: 6
      objectReference: {fileID: 0}
    - target: {fileID: 8577615874762380206, guid: 832cd25b64f1fe140a6b6c5d32664d20,
        type: 3}
      propertyPath: m_LocalPosition.x
      value: -6.4
      objectReference: {fileID: 0}
    - target: {fileID: 8577615874762380206, guid: 832cd25b64f1fe140a6b6c5d32664d20,
        type: 3}
      propertyPath: m_LocalPosition.y
      value: 0
      objectReference: {fileID: 0}
    - target: {fileID: 8577615874762380206, guid: 832cd25b64f1fe140a6b6c5d32664d20,
        type: 3}
      propertyPath: m_LocalPosition.z
      value: -40
      objectReference: {fileID: 0}
    - target: {fileID: 8577615874762380206, guid: 832cd25b64f1fe140a6b6c5d32664d20,
        type: 3}
      propertyPath: m_LocalRotation.x
      value: 0
      objectReference: {fileID: 0}
    - target: {fileID: 8577615874762380206, guid: 832cd25b64f1fe140a6b6c5d32664d20,
        type: 3}
      propertyPath: m_LocalRotation.y
      value: 1
      objectReference: {fileID: 0}
    - target: {fileID: 8577615874762380206, guid: 832cd25b64f1fe140a6b6c5d32664d20,
        type: 3}
      propertyPath: m_LocalRotation.z
      value: 0
      objectReference: {fileID: 0}
    - target: {fileID: 8577615874762380206, guid: 832cd25b64f1fe140a6b6c5d32664d20,
        type: 3}
      propertyPath: m_LocalRotation.w
      value: 0
      objectReference: {fileID: 0}
    - target: {fileID: 8577615874762380206, guid: 832cd25b64f1fe140a6b6c5d32664d20,
        type: 3}
      propertyPath: m_RootOrder
      value: 5
      objectReference: {fileID: 0}
    - target: {fileID: 8577615874762380206, guid: 832cd25b64f1fe140a6b6c5d32664d20,
        type: 3}
      propertyPath: m_LocalEulerAnglesHint.x
      value: 0
      objectReference: {fileID: 0}
    - target: {fileID: 8577615874762380206, guid: 832cd25b64f1fe140a6b6c5d32664d20,
        type: 3}
      propertyPath: m_LocalEulerAnglesHint.y
      value: 180
      objectReference: {fileID: 0}
    - target: {fileID: 8577615874762380206, guid: 832cd25b64f1fe140a6b6c5d32664d20,
        type: 3}
      propertyPath: m_LocalEulerAnglesHint.z
      value: 0
      objectReference: {fileID: 0}
    m_RemovedComponents: []
  m_SourcePrefab: {fileID: 100100000, guid: 832cd25b64f1fe140a6b6c5d32664d20, type: 3}
--- !u!4 &752858472302209857 stripped
Transform:
  m_CorrespondingSourceObject: {fileID: 8577615874762380206, guid: 832cd25b64f1fe140a6b6c5d32664d20,
    type: 3}
  m_PrefabInstance: {fileID: 9041927310399371503}
  m_PrefabAsset: {fileID: 0}
--- !u!1001 &9041927310414203248
PrefabInstance:
  m_ObjectHideFlags: 0
  serializedVersion: 2
  m_Modification:
    m_TransformParent: {fileID: 9041927311768064734}
    m_Modifications:
    - target: {fileID: -8679921383154817045, guid: 2052fa1663abf574881331c6c6277c2b,
        type: 3}
      propertyPath: m_LocalPosition.x
      value: -0.08
      objectReference: {fileID: 0}
    - target: {fileID: -8679921383154817045, guid: 2052fa1663abf574881331c6c6277c2b,
        type: 3}
      propertyPath: m_LocalPosition.y
      value: 0.4
      objectReference: {fileID: 0}
    - target: {fileID: -8679921383154817045, guid: 2052fa1663abf574881331c6c6277c2b,
        type: 3}
      propertyPath: m_LocalPosition.z
      value: 0
      objectReference: {fileID: 0}
    - target: {fileID: -8679921383154817045, guid: 2052fa1663abf574881331c6c6277c2b,
        type: 3}
      propertyPath: m_LocalRotation.x
      value: -0.5
      objectReference: {fileID: 0}
    - target: {fileID: -8679921383154817045, guid: 2052fa1663abf574881331c6c6277c2b,
        type: 3}
      propertyPath: m_LocalRotation.y
      value: 0.5
      objectReference: {fileID: 0}
    - target: {fileID: -8679921383154817045, guid: 2052fa1663abf574881331c6c6277c2b,
        type: 3}
      propertyPath: m_LocalRotation.z
      value: 0.5
      objectReference: {fileID: 0}
    - target: {fileID: -8679921383154817045, guid: 2052fa1663abf574881331c6c6277c2b,
        type: 3}
      propertyPath: m_LocalRotation.w
      value: 0.5
      objectReference: {fileID: 0}
    - target: {fileID: -8679921383154817045, guid: 2052fa1663abf574881331c6c6277c2b,
        type: 3}
      propertyPath: m_RootOrder
      value: 0
      objectReference: {fileID: 0}
    - target: {fileID: -8679921383154817045, guid: 2052fa1663abf574881331c6c6277c2b,
        type: 3}
      propertyPath: m_LocalEulerAnglesHint.x
      value: -90
      objectReference: {fileID: 0}
    - target: {fileID: -8679921383154817045, guid: 2052fa1663abf574881331c6c6277c2b,
        type: 3}
      propertyPath: m_LocalEulerAnglesHint.y
      value: 90
      objectReference: {fileID: 0}
    - target: {fileID: -8679921383154817045, guid: 2052fa1663abf574881331c6c6277c2b,
        type: 3}
      propertyPath: m_LocalEulerAnglesHint.z
      value: 0
      objectReference: {fileID: 0}
    - target: {fileID: -8679921383154817045, guid: 2052fa1663abf574881331c6c6277c2b,
        type: 3}
      propertyPath: m_LocalScale.y
      value: 1.8
      objectReference: {fileID: 0}
    - target: {fileID: 919132149155446097, guid: 2052fa1663abf574881331c6c6277c2b,
        type: 3}
      propertyPath: m_Name
      value: right
      objectReference: {fileID: 0}
    m_RemovedComponents: []
  m_SourcePrefab: {fileID: 100100000, guid: 2052fa1663abf574881331c6c6277c2b, type: 3}
--- !u!4 &8859101115599892123 stripped
Transform:
  m_CorrespondingSourceObject: {fileID: -8679921383154817045, guid: 2052fa1663abf574881331c6c6277c2b,
    type: 3}
  m_PrefabInstance: {fileID: 9041927310414203248}
  m_PrefabAsset: {fileID: 0}
--- !u!1001 &9041927310654699391
PrefabInstance:
  m_ObjectHideFlags: 0
  serializedVersion: 2
  m_Modification:
    m_TransformParent: {fileID: 9041927311049705303}
    m_Modifications:
    - target: {fileID: 2708823945364032093, guid: 832cd25b64f1fe140a6b6c5d32664d20,
        type: 3}
      propertyPath: m_Name
      value: 3
      objectReference: {fileID: 0}
    - target: {fileID: 8577615874762380206, guid: 832cd25b64f1fe140a6b6c5d32664d20,
        type: 3}
      propertyPath: m_LocalPosition.x
      value: 6.4
      objectReference: {fileID: 0}
    - target: {fileID: 8577615874762380206, guid: 832cd25b64f1fe140a6b6c5d32664d20,
        type: 3}
      propertyPath: m_LocalPosition.y
      value: 0
      objectReference: {fileID: 0}
    - target: {fileID: 8577615874762380206, guid: 832cd25b64f1fe140a6b6c5d32664d20,
        type: 3}
      propertyPath: m_LocalPosition.z
      value: -40
      objectReference: {fileID: 0}
    - target: {fileID: 8577615874762380206, guid: 832cd25b64f1fe140a6b6c5d32664d20,
        type: 3}
      propertyPath: m_LocalRotation.x
      value: -0
      objectReference: {fileID: 0}
    - target: {fileID: 8577615874762380206, guid: 832cd25b64f1fe140a6b6c5d32664d20,
        type: 3}
      propertyPath: m_LocalRotation.y
      value: -0
      objectReference: {fileID: 0}
    - target: {fileID: 8577615874762380206, guid: 832cd25b64f1fe140a6b6c5d32664d20,
        type: 3}
      propertyPath: m_LocalRotation.z
      value: -0
      objectReference: {fileID: 0}
    - target: {fileID: 8577615874762380206, guid: 832cd25b64f1fe140a6b6c5d32664d20,
        type: 3}
      propertyPath: m_LocalRotation.w
      value: 1
      objectReference: {fileID: 0}
    - target: {fileID: 8577615874762380206, guid: 832cd25b64f1fe140a6b6c5d32664d20,
        type: 3}
      propertyPath: m_RootOrder
      value: 2
      objectReference: {fileID: 0}
    - target: {fileID: 8577615874762380206, guid: 832cd25b64f1fe140a6b6c5d32664d20,
        type: 3}
      propertyPath: m_LocalEulerAnglesHint.x
      value: 0
      objectReference: {fileID: 0}
    - target: {fileID: 8577615874762380206, guid: 832cd25b64f1fe140a6b6c5d32664d20,
        type: 3}
      propertyPath: m_LocalEulerAnglesHint.y
      value: 0
      objectReference: {fileID: 0}
    - target: {fileID: 8577615874762380206, guid: 832cd25b64f1fe140a6b6c5d32664d20,
        type: 3}
      propertyPath: m_LocalEulerAnglesHint.z
      value: 0
      objectReference: {fileID: 0}
    m_RemovedComponents: []
  m_SourcePrefab: {fileID: 100100000, guid: 832cd25b64f1fe140a6b6c5d32664d20, type: 3}
--- !u!4 &752858472551245009 stripped
Transform:
  m_CorrespondingSourceObject: {fileID: 8577615874762380206, guid: 832cd25b64f1fe140a6b6c5d32664d20,
    type: 3}
  m_PrefabInstance: {fileID: 9041927310654699391}
  m_PrefabAsset: {fileID: 0}
--- !u!1001 &9041927310805368657
PrefabInstance:
  m_ObjectHideFlags: 0
  serializedVersion: 2
  m_Modification:
    m_TransformParent: {fileID: 9041927311049705303}
    m_Modifications:
    - target: {fileID: 2708823945364032093, guid: 832cd25b64f1fe140a6b6c5d32664d20,
        type: 3}
      propertyPath: m_Name
      value: 2
      objectReference: {fileID: 0}
    - target: {fileID: 8577615874762380206, guid: 832cd25b64f1fe140a6b6c5d32664d20,
        type: 3}
      propertyPath: m_LocalPosition.x
      value: 6.4
      objectReference: {fileID: 0}
    - target: {fileID: 8577615874762380206, guid: 832cd25b64f1fe140a6b6c5d32664d20,
        type: 3}
      propertyPath: m_LocalPosition.y
      value: 0
      objectReference: {fileID: 0}
    - target: {fileID: 8577615874762380206, guid: 832cd25b64f1fe140a6b6c5d32664d20,
        type: 3}
      propertyPath: m_LocalPosition.z
      value: -20
      objectReference: {fileID: 0}
    - target: {fileID: 8577615874762380206, guid: 832cd25b64f1fe140a6b6c5d32664d20,
        type: 3}
      propertyPath: m_LocalRotation.x
      value: -0
      objectReference: {fileID: 0}
    - target: {fileID: 8577615874762380206, guid: 832cd25b64f1fe140a6b6c5d32664d20,
        type: 3}
      propertyPath: m_LocalRotation.y
      value: -0
      objectReference: {fileID: 0}
    - target: {fileID: 8577615874762380206, guid: 832cd25b64f1fe140a6b6c5d32664d20,
        type: 3}
      propertyPath: m_LocalRotation.z
      value: -0
      objectReference: {fileID: 0}
    - target: {fileID: 8577615874762380206, guid: 832cd25b64f1fe140a6b6c5d32664d20,
        type: 3}
      propertyPath: m_LocalRotation.w
      value: 1
      objectReference: {fileID: 0}
    - target: {fileID: 8577615874762380206, guid: 832cd25b64f1fe140a6b6c5d32664d20,
        type: 3}
      propertyPath: m_RootOrder
      value: 1
      objectReference: {fileID: 0}
    - target: {fileID: 8577615874762380206, guid: 832cd25b64f1fe140a6b6c5d32664d20,
        type: 3}
      propertyPath: m_LocalEulerAnglesHint.x
      value: 0
      objectReference: {fileID: 0}
    - target: {fileID: 8577615874762380206, guid: 832cd25b64f1fe140a6b6c5d32664d20,
        type: 3}
      propertyPath: m_LocalEulerAnglesHint.y
      value: 0
      objectReference: {fileID: 0}
    - target: {fileID: 8577615874762380206, guid: 832cd25b64f1fe140a6b6c5d32664d20,
        type: 3}
      propertyPath: m_LocalEulerAnglesHint.z
      value: 0
      objectReference: {fileID: 0}
    m_RemovedComponents: []
  m_SourcePrefab: {fileID: 100100000, guid: 832cd25b64f1fe140a6b6c5d32664d20, type: 3}
--- !u!4 &752858471627648255 stripped
Transform:
  m_CorrespondingSourceObject: {fileID: 8577615874762380206, guid: 832cd25b64f1fe140a6b6c5d32664d20,
    type: 3}
  m_PrefabInstance: {fileID: 9041927310805368657}
  m_PrefabAsset: {fileID: 0}
--- !u!1001 &9041927310822625391
PrefabInstance:
  m_ObjectHideFlags: 0
  serializedVersion: 2
  m_Modification:
    m_TransformParent: {fileID: 9041927311331776705}
    m_Modifications:
    - target: {fileID: 6561170637184252232, guid: 3e0d772b6482ae0489be8a8f6bc1ea20,
        type: 3}
      propertyPath: m_LocalPosition.x
      value: 0
      objectReference: {fileID: 0}
    - target: {fileID: 6561170637184252232, guid: 3e0d772b6482ae0489be8a8f6bc1ea20,
        type: 3}
      propertyPath: m_LocalPosition.y
      value: 7.849
      objectReference: {fileID: 0}
    - target: {fileID: 6561170637184252232, guid: 3e0d772b6482ae0489be8a8f6bc1ea20,
        type: 3}
      propertyPath: m_LocalPosition.z
      value: -20.21
      objectReference: {fileID: 0}
    - target: {fileID: 6561170637184252232, guid: 3e0d772b6482ae0489be8a8f6bc1ea20,
        type: 3}
      propertyPath: m_LocalRotation.x
      value: -0
      objectReference: {fileID: 0}
    - target: {fileID: 6561170637184252232, guid: 3e0d772b6482ae0489be8a8f6bc1ea20,
        type: 3}
      propertyPath: m_LocalRotation.y
      value: -0
      objectReference: {fileID: 0}
    - target: {fileID: 6561170637184252232, guid: 3e0d772b6482ae0489be8a8f6bc1ea20,
        type: 3}
      propertyPath: m_LocalRotation.z
      value: -0
      objectReference: {fileID: 0}
    - target: {fileID: 6561170637184252232, guid: 3e0d772b6482ae0489be8a8f6bc1ea20,
        type: 3}
      propertyPath: m_LocalRotation.w
      value: 1
      objectReference: {fileID: 0}
    - target: {fileID: 6561170637184252232, guid: 3e0d772b6482ae0489be8a8f6bc1ea20,
        type: 3}
      propertyPath: m_RootOrder
      value: 1
      objectReference: {fileID: 0}
    - target: {fileID: 6561170637184252232, guid: 3e0d772b6482ae0489be8a8f6bc1ea20,
        type: 3}
      propertyPath: m_LocalEulerAnglesHint.x
      value: 0
      objectReference: {fileID: 0}
    - target: {fileID: 6561170637184252232, guid: 3e0d772b6482ae0489be8a8f6bc1ea20,
        type: 3}
      propertyPath: m_LocalEulerAnglesHint.y
      value: 0
      objectReference: {fileID: 0}
    - target: {fileID: 6561170637184252232, guid: 3e0d772b6482ae0489be8a8f6bc1ea20,
        type: 3}
      propertyPath: m_LocalEulerAnglesHint.z
      value: 0
      objectReference: {fileID: 0}
    - target: {fileID: 8903165637779806988, guid: 3e0d772b6482ae0489be8a8f6bc1ea20,
        type: 3}
      propertyPath: m_Name
      value: lamp_light_2
      objectReference: {fileID: 0}
    m_RemovedComponents: []
  m_SourcePrefab: {fileID: 100100000, guid: 3e0d772b6482ae0489be8a8f6bc1ea20, type: 3}
--- !u!4 &2771566538965870887 stripped
Transform:
  m_CorrespondingSourceObject: {fileID: 6561170637184252232, guid: 3e0d772b6482ae0489be8a8f6bc1ea20,
    type: 3}
  m_PrefabInstance: {fileID: 9041927310822625391}
  m_PrefabAsset: {fileID: 0}
--- !u!1001 &9041927311457455328
PrefabInstance:
  m_ObjectHideFlags: 0
  serializedVersion: 2
  m_Modification:
    m_TransformParent: {fileID: 9041927311331776705}
    m_Modifications:
    - target: {fileID: 6561170637184252232, guid: 3e0d772b6482ae0489be8a8f6bc1ea20,
        type: 3}
      propertyPath: m_LocalPosition.x
      value: 0
      objectReference: {fileID: 0}
    - target: {fileID: 6561170637184252232, guid: 3e0d772b6482ae0489be8a8f6bc1ea20,
        type: 3}
      propertyPath: m_LocalPosition.y
      value: 7.849
      objectReference: {fileID: 0}
    - target: {fileID: 6561170637184252232, guid: 3e0d772b6482ae0489be8a8f6bc1ea20,
        type: 3}
      propertyPath: m_LocalPosition.z
      value: -40.15
      objectReference: {fileID: 0}
    - target: {fileID: 6561170637184252232, guid: 3e0d772b6482ae0489be8a8f6bc1ea20,
        type: 3}
      propertyPath: m_LocalRotation.x
      value: -0
      objectReference: {fileID: 0}
    - target: {fileID: 6561170637184252232, guid: 3e0d772b6482ae0489be8a8f6bc1ea20,
        type: 3}
      propertyPath: m_LocalRotation.y
      value: -0
      objectReference: {fileID: 0}
    - target: {fileID: 6561170637184252232, guid: 3e0d772b6482ae0489be8a8f6bc1ea20,
        type: 3}
      propertyPath: m_LocalRotation.z
      value: -0
      objectReference: {fileID: 0}
    - target: {fileID: 6561170637184252232, guid: 3e0d772b6482ae0489be8a8f6bc1ea20,
        type: 3}
      propertyPath: m_LocalRotation.w
      value: 1
      objectReference: {fileID: 0}
    - target: {fileID: 6561170637184252232, guid: 3e0d772b6482ae0489be8a8f6bc1ea20,
        type: 3}
      propertyPath: m_RootOrder
      value: 2
      objectReference: {fileID: 0}
    - target: {fileID: 6561170637184252232, guid: 3e0d772b6482ae0489be8a8f6bc1ea20,
        type: 3}
      propertyPath: m_LocalEulerAnglesHint.x
      value: 0
      objectReference: {fileID: 0}
    - target: {fileID: 6561170637184252232, guid: 3e0d772b6482ae0489be8a8f6bc1ea20,
        type: 3}
      propertyPath: m_LocalEulerAnglesHint.y
      value: 0
      objectReference: {fileID: 0}
    - target: {fileID: 6561170637184252232, guid: 3e0d772b6482ae0489be8a8f6bc1ea20,
        type: 3}
      propertyPath: m_LocalEulerAnglesHint.z
      value: 0
      objectReference: {fileID: 0}
    - target: {fileID: 8903165637779806988, guid: 3e0d772b6482ae0489be8a8f6bc1ea20,
        type: 3}
      propertyPath: m_Name
      value: lamp_light_3
      objectReference: {fileID: 0}
    m_RemovedComponents: []
  m_SourcePrefab: {fileID: 100100000, guid: 3e0d772b6482ae0489be8a8f6bc1ea20, type: 3}
--- !u!4 &2771566539600836008 stripped
Transform:
  m_CorrespondingSourceObject: {fileID: 6561170637184252232, guid: 3e0d772b6482ae0489be8a8f6bc1ea20,
    type: 3}
  m_PrefabInstance: {fileID: 9041927311457455328}
  m_PrefabAsset: {fileID: 0}
--- !u!1001 &9041927311677388048
PrefabInstance:
  m_ObjectHideFlags: 0
  serializedVersion: 2
  m_Modification:
    m_TransformParent: {fileID: 9041927311049705303}
    m_Modifications:
    - target: {fileID: 2708823945364032093, guid: 832cd25b64f1fe140a6b6c5d32664d20,
        type: 3}
      propertyPath: m_Name
      value: 4
      objectReference: {fileID: 0}
    - target: {fileID: 8577615874762380206, guid: 832cd25b64f1fe140a6b6c5d32664d20,
        type: 3}
      propertyPath: m_LocalPosition.x
      value: -6.4
      objectReference: {fileID: 0}
    - target: {fileID: 8577615874762380206, guid: 832cd25b64f1fe140a6b6c5d32664d20,
        type: 3}
      propertyPath: m_LocalPosition.y
      value: 0
      objectReference: {fileID: 0}
    - target: {fileID: 8577615874762380206, guid: 832cd25b64f1fe140a6b6c5d32664d20,
        type: 3}
      propertyPath: m_LocalPosition.z
      value: 0
      objectReference: {fileID: 0}
    - target: {fileID: 8577615874762380206, guid: 832cd25b64f1fe140a6b6c5d32664d20,
        type: 3}
      propertyPath: m_LocalRotation.x
      value: 0
      objectReference: {fileID: 0}
    - target: {fileID: 8577615874762380206, guid: 832cd25b64f1fe140a6b6c5d32664d20,
        type: 3}
      propertyPath: m_LocalRotation.y
      value: 1
      objectReference: {fileID: 0}
    - target: {fileID: 8577615874762380206, guid: 832cd25b64f1fe140a6b6c5d32664d20,
        type: 3}
      propertyPath: m_LocalRotation.z
      value: 0
      objectReference: {fileID: 0}
    - target: {fileID: 8577615874762380206, guid: 832cd25b64f1fe140a6b6c5d32664d20,
        type: 3}
      propertyPath: m_LocalRotation.w
      value: 0
      objectReference: {fileID: 0}
    - target: {fileID: 8577615874762380206, guid: 832cd25b64f1fe140a6b6c5d32664d20,
        type: 3}
      propertyPath: m_RootOrder
      value: 3
      objectReference: {fileID: 0}
    - target: {fileID: 8577615874762380206, guid: 832cd25b64f1fe140a6b6c5d32664d20,
        type: 3}
      propertyPath: m_LocalEulerAnglesHint.x
      value: 0
      objectReference: {fileID: 0}
    - target: {fileID: 8577615874762380206, guid: 832cd25b64f1fe140a6b6c5d32664d20,
        type: 3}
      propertyPath: m_LocalEulerAnglesHint.y
      value: 180
      objectReference: {fileID: 0}
    - target: {fileID: 8577615874762380206, guid: 832cd25b64f1fe140a6b6c5d32664d20,
        type: 3}
      propertyPath: m_LocalEulerAnglesHint.z
      value: 0
      objectReference: {fileID: 0}
    m_RemovedComponents: []
  m_SourcePrefab: {fileID: 100100000, guid: 832cd25b64f1fe140a6b6c5d32664d20, type: 3}
--- !u!4 &752858473575245502 stripped
Transform:
  m_CorrespondingSourceObject: {fileID: 8577615874762380206, guid: 832cd25b64f1fe140a6b6c5d32664d20,
    type: 3}
  m_PrefabInstance: {fileID: 9041927311677388048}
  m_PrefabAsset: {fileID: 0}
--- !u!1001 &9041927311837955040
PrefabInstance:
  m_ObjectHideFlags: 0
  serializedVersion: 2
  m_Modification:
    m_TransformParent: {fileID: 9041927310885189454}
    m_Modifications:
    - target: {fileID: -8679921383154817045, guid: 7608d419e871ff9488f1b2063a1f5754,
        type: 3}
      propertyPath: m_LocalPosition.x
      value: 0
      objectReference: {fileID: 0}
    - target: {fileID: -8679921383154817045, guid: 7608d419e871ff9488f1b2063a1f5754,
        type: 3}
      propertyPath: m_LocalPosition.y
      value: 0
      objectReference: {fileID: 0}
    - target: {fileID: -8679921383154817045, guid: 7608d419e871ff9488f1b2063a1f5754,
        type: 3}
      propertyPath: m_LocalPosition.z
      value: 0
      objectReference: {fileID: 0}
    - target: {fileID: -8679921383154817045, guid: 7608d419e871ff9488f1b2063a1f5754,
        type: 3}
      propertyPath: m_LocalRotation.x
      value: -0
      objectReference: {fileID: 0}
    - target: {fileID: -8679921383154817045, guid: 7608d419e871ff9488f1b2063a1f5754,
        type: 3}
      propertyPath: m_LocalRotation.y
      value: -0
      objectReference: {fileID: 0}
    - target: {fileID: -8679921383154817045, guid: 7608d419e871ff9488f1b2063a1f5754,
        type: 3}
      propertyPath: m_LocalRotation.z
      value: -0
      objectReference: {fileID: 0}
    - target: {fileID: -8679921383154817045, guid: 7608d419e871ff9488f1b2063a1f5754,
        type: 3}
      propertyPath: m_LocalRotation.w
      value: 1
      objectReference: {fileID: 0}
    - target: {fileID: -8679921383154817045, guid: 7608d419e871ff9488f1b2063a1f5754,
        type: 3}
      propertyPath: m_RootOrder
      value: 0
      objectReference: {fileID: 0}
    - target: {fileID: -8679921383154817045, guid: 7608d419e871ff9488f1b2063a1f5754,
        type: 3}
      propertyPath: m_LocalEulerAnglesHint.x
      value: 0
      objectReference: {fileID: 0}
    - target: {fileID: -8679921383154817045, guid: 7608d419e871ff9488f1b2063a1f5754,
        type: 3}
      propertyPath: m_LocalEulerAnglesHint.y
      value: 0
      objectReference: {fileID: 0}
    - target: {fileID: -8679921383154817045, guid: 7608d419e871ff9488f1b2063a1f5754,
        type: 3}
      propertyPath: m_LocalEulerAnglesHint.z
      value: 0
      objectReference: {fileID: 0}
    - target: {fileID: -3882679687090052506, guid: 7608d419e871ff9488f1b2063a1f5754,
        type: 3}
      propertyPath: m_Materials.Array.data[0]
      value: 
      objectReference: {fileID: 2100000, guid: d1215f37775511948a29716754a7a474, type: 2}
    - target: {fileID: 65702495048144492, guid: 7608d419e871ff9488f1b2063a1f5754,
        type: 3}
      propertyPath: m_IsActive
      value: 0
      objectReference: {fileID: 0}
    - target: {fileID: 919132149155446097, guid: 7608d419e871ff9488f1b2063a1f5754,
        type: 3}
      propertyPath: m_Name
      value: train
      objectReference: {fileID: 0}
    - target: {fileID: 2532644268845581928, guid: 7608d419e871ff9488f1b2063a1f5754,
        type: 3}
      propertyPath: m_IsActive
      value: 0
      objectReference: {fileID: 0}
    - target: {fileID: 4465198311416549755, guid: 7608d419e871ff9488f1b2063a1f5754,
        type: 3}
      propertyPath: m_IsActive
      value: 0
      objectReference: {fileID: 0}
    - target: {fileID: 5145378510994667245, guid: 7608d419e871ff9488f1b2063a1f5754,
        type: 3}
      propertyPath: m_IsActive
      value: 0
      objectReference: {fileID: 0}
    - target: {fileID: 7869873546869171050, guid: 7608d419e871ff9488f1b2063a1f5754,
        type: 3}
      propertyPath: m_IsActive
      value: 1
      objectReference: {fileID: 0}
    - target: {fileID: 7938086993701058574, guid: 7608d419e871ff9488f1b2063a1f5754,
        type: 3}
      propertyPath: m_IsActive
      value: 0
      objectReference: {fileID: 0}
    - target: {fileID: 8601728340748473091, guid: 7608d419e871ff9488f1b2063a1f5754,
        type: 3}
      propertyPath: m_IsActive
      value: 0
      objectReference: {fileID: 0}
    m_RemovedComponents: []
  m_SourcePrefab: {fileID: 100100000, guid: 7608d419e871ff9488f1b2063a1f5754, type: 3}
--- !u!4 &8859101114209690635 stripped
Transform:
  m_CorrespondingSourceObject: {fileID: -8679921383154817045, guid: 7608d419e871ff9488f1b2063a1f5754,
    type: 3}
  m_PrefabInstance: {fileID: 9041927311837955040}
  m_PrefabAsset: {fileID: 0}
--- !u!1001 &9041927312164537721
PrefabInstance:
  m_ObjectHideFlags: 0
  serializedVersion: 2
  m_Modification:
    m_TransformParent: {fileID: 9041927311049705303}
    m_Modifications:
    - target: {fileID: 2708823945364032093, guid: 832cd25b64f1fe140a6b6c5d32664d20,
        type: 3}
      propertyPath: m_Name
      value: 5
      objectReference: {fileID: 0}
    - target: {fileID: 8577615874762380206, guid: 832cd25b64f1fe140a6b6c5d32664d20,
        type: 3}
      propertyPath: m_LocalPosition.x
      value: -6.4
      objectReference: {fileID: 0}
    - target: {fileID: 8577615874762380206, guid: 832cd25b64f1fe140a6b6c5d32664d20,
        type: 3}
      propertyPath: m_LocalPosition.y
      value: 0
      objectReference: {fileID: 0}
    - target: {fileID: 8577615874762380206, guid: 832cd25b64f1fe140a6b6c5d32664d20,
        type: 3}
      propertyPath: m_LocalPosition.z
      value: -20
      objectReference: {fileID: 0}
    - target: {fileID: 8577615874762380206, guid: 832cd25b64f1fe140a6b6c5d32664d20,
        type: 3}
      propertyPath: m_LocalRotation.x
      value: 0
      objectReference: {fileID: 0}
    - target: {fileID: 8577615874762380206, guid: 832cd25b64f1fe140a6b6c5d32664d20,
        type: 3}
      propertyPath: m_LocalRotation.y
      value: 1
      objectReference: {fileID: 0}
    - target: {fileID: 8577615874762380206, guid: 832cd25b64f1fe140a6b6c5d32664d20,
        type: 3}
      propertyPath: m_LocalRotation.z
      value: 0
      objectReference: {fileID: 0}
    - target: {fileID: 8577615874762380206, guid: 832cd25b64f1fe140a6b6c5d32664d20,
        type: 3}
      propertyPath: m_LocalRotation.w
      value: 0
      objectReference: {fileID: 0}
    - target: {fileID: 8577615874762380206, guid: 832cd25b64f1fe140a6b6c5d32664d20,
        type: 3}
      propertyPath: m_RootOrder
      value: 4
      objectReference: {fileID: 0}
    - target: {fileID: 8577615874762380206, guid: 832cd25b64f1fe140a6b6c5d32664d20,
        type: 3}
      propertyPath: m_LocalEulerAnglesHint.x
      value: 0
      objectReference: {fileID: 0}
    - target: {fileID: 8577615874762380206, guid: 832cd25b64f1fe140a6b6c5d32664d20,
        type: 3}
      propertyPath: m_LocalEulerAnglesHint.y
      value: 180
      objectReference: {fileID: 0}
    - target: {fileID: 8577615874762380206, guid: 832cd25b64f1fe140a6b6c5d32664d20,
        type: 3}
      propertyPath: m_LocalEulerAnglesHint.z
      value: 0
      objectReference: {fileID: 0}
    m_RemovedComponents: []
  m_SourcePrefab: {fileID: 100100000, guid: 832cd25b64f1fe140a6b6c5d32664d20, type: 3}
--- !u!4 &752858472920307415 stripped
Transform:
  m_CorrespondingSourceObject: {fileID: 8577615874762380206, guid: 832cd25b64f1fe140a6b6c5d32664d20,
    type: 3}
  m_PrefabInstance: {fileID: 9041927312164537721}
  m_PrefabAsset: {fileID: 0}
--- !u!1001 &9185405527270965580
PrefabInstance:
  m_ObjectHideFlags: 0
  serializedVersion: 2
  m_Modification:
    m_TransformParent: {fileID: 1452293022384380186}
    m_Modifications:
    - target: {fileID: 1890303388720504938, guid: c67b09f3ac07d3642b2377c4f45875f3,
        type: 3}
      propertyPath: m_Name
      value: seat
      objectReference: {fileID: 0}
    - target: {fileID: 4155708139601632629, guid: c67b09f3ac07d3642b2377c4f45875f3,
        type: 3}
      propertyPath: m_LocalPosition.x
      value: 8.66
      objectReference: {fileID: 0}
    - target: {fileID: 4155708139601632629, guid: c67b09f3ac07d3642b2377c4f45875f3,
        type: 3}
      propertyPath: m_LocalPosition.y
      value: -0.7818341
      objectReference: {fileID: 0}
    - target: {fileID: 4155708139601632629, guid: c67b09f3ac07d3642b2377c4f45875f3,
        type: 3}
      propertyPath: m_LocalPosition.z
      value: 38.8
      objectReference: {fileID: 0}
    - target: {fileID: 4155708139601632629, guid: c67b09f3ac07d3642b2377c4f45875f3,
        type: 3}
      propertyPath: m_LocalRotation.x
      value: -0
      objectReference: {fileID: 0}
    - target: {fileID: 4155708139601632629, guid: c67b09f3ac07d3642b2377c4f45875f3,
        type: 3}
      propertyPath: m_LocalRotation.y
      value: -0
      objectReference: {fileID: 0}
    - target: {fileID: 4155708139601632629, guid: c67b09f3ac07d3642b2377c4f45875f3,
        type: 3}
      propertyPath: m_LocalRotation.z
      value: -0
      objectReference: {fileID: 0}
    - target: {fileID: 4155708139601632629, guid: c67b09f3ac07d3642b2377c4f45875f3,
        type: 3}
      propertyPath: m_LocalRotation.w
      value: 1
      objectReference: {fileID: 0}
    - target: {fileID: 4155708139601632629, guid: c67b09f3ac07d3642b2377c4f45875f3,
        type: 3}
      propertyPath: m_RootOrder
      value: 0
      objectReference: {fileID: 0}
    - target: {fileID: 4155708139601632629, guid: c67b09f3ac07d3642b2377c4f45875f3,
        type: 3}
      propertyPath: m_LocalEulerAnglesHint.x
      value: 0
      objectReference: {fileID: 0}
    - target: {fileID: 4155708139601632629, guid: c67b09f3ac07d3642b2377c4f45875f3,
        type: 3}
      propertyPath: m_LocalEulerAnglesHint.y
      value: 0
      objectReference: {fileID: 0}
    - target: {fileID: 4155708139601632629, guid: c67b09f3ac07d3642b2377c4f45875f3,
        type: 3}
      propertyPath: m_LocalEulerAnglesHint.z
      value: 0
      objectReference: {fileID: 0}
    - target: {fileID: 4299905957401212666, guid: c67b09f3ac07d3642b2377c4f45875f3,
        type: 3}
      propertyPath: m_LocalPosition.y
      value: 2
      objectReference: {fileID: 0}
    m_RemovedComponents: []
  m_SourcePrefab: {fileID: 100100000, guid: c67b09f3ac07d3642b2377c4f45875f3, type: 3}
--- !u!4 &5104011186849111097 stripped
Transform:
  m_CorrespondingSourceObject: {fileID: 4155708139601632629, guid: c67b09f3ac07d3642b2377c4f45875f3,
    type: 3}
  m_PrefabInstance: {fileID: 9185405527270965580}
  m_PrefabAsset: {fileID: 0}
